<?xml version="1.0" encoding="UTF-8"?>
<alto xmlns:xsi="http://www.w3.org/2001/XMLSchema-instance"
      xmlns="http://www.loc.gov/standards/alto/ns-v4#"
      xsi:schemaLocation="http://www.loc.gov/standards/alto/ns-v4# http://www.loc.gov/standards/alto/v4/alto-4-2.xsd">
  <Description>
    <MeasurementUnit>pixel</MeasurementUnit>
    <sourceImageInformation>
      <fileName>71_71014_default.jpg</fileName>
      <fileIdentifier>mets//oxford-bodleian-libraries-ms-rawl-b-499.zip/71_71014_default.jpg</fileIdentifier>
    </sourceImageInformation>
  </Description>
  
  <Tags>
    <OtherTag ID="BT16575" LABEL="MarginTextZone" DESCRIPTION="block type MarginTextZone"/><OtherTag ID="BT16576" LABEL="DamageZone" DESCRIPTION="block type DamageZone"/><OtherTag ID="BT16577" LABEL="DigitizationArtefactZone" DESCRIPTION="block type DigitizationArtefactZone"/><OtherTag ID="BT16578" LABEL="DropCapitalZone" DESCRIPTION="block type DropCapitalZone"/><OtherTag ID="BT16579" LABEL="GraphicZone" DESCRIPTION="block type GraphicZone"/><OtherTag ID="BT16581" LABEL="NumberingZone" DESCRIPTION="block type NumberingZone"/><OtherTag ID="BT16582" LABEL="QuireMarksZone" DESCRIPTION="block type QuireMarksZone"/><OtherTag ID="BT16583" LABEL="RunningTitleZone" DESCRIPTION="block type RunningTitleZone"/><OtherTag ID="BT16584" LABEL="SealZone" DESCRIPTION="block type SealZone"/><OtherTag ID="BT16585" LABEL="StampZone" DESCRIPTION="block type StampZone"/><OtherTag ID="BT16586" LABEL="TableZone" DESCRIPTION="block type TableZone"/><OtherTag ID="BT16587" LABEL="TitlePageZone" DESCRIPTION="block type TitlePageZone"/><OtherTag ID="BT16580" LABEL="MusicZone" DESCRIPTION="block type MusicZone"/><OtherTag ID="BT19261" LABEL="MainZone" DESCRIPTION="block type MainZone"/>
    <OtherTag ID="LT6926" LABEL="DefaultLine" DESCRIPTION="line type DefaultLine"/><OtherTag ID="LT6927" LABEL="HeadingLine" DESCRIPTION="line type HeadingLine"/><OtherTag ID="LT6928" LABEL="InterlinearLine" DESCRIPTION="line type InterlinearLine"/><OtherTag ID="LT7753" LABEL="default" DESCRIPTION="line type default"/>
  </Tags>
  
  <Layout>
    <Page WIDTH="2748"
          HEIGHT="4000"
          PHYSICAL_IMG_NR="0"
          ID="eSc_dummypage_">
      <PrintSpace HPOS="0"
                  VPOS="0"
                  WIDTH="2748"
                  HEIGHT="4000">
        
        <TextBlock HPOS="493"
                   VPOS="270"
                   WIDTH="1558"
                   HEIGHT="165"
                   ID="eSc_textblock_ce121ad4"
                   TAGREFS="BT16583">
          <Shape><Polygon POINTS="493 270 493 435 2051 435 2051 270"/></Shape>
          
          
          <TextLine ID="eSc_line_d6b1d459"
                    TAGREFS="LT6926"
                    BASELINE="1731 383 2031 390" 
                    HPOS="1727"
                    VPOS="283"
                    WIDTH="303"
                    HEIGHT="147">
            <Shape><Polygon POINTS="1730 380 1727 403 1830 430 1834 430 1837 430 1880 413 2024 416 2030 390 2030 296 1730 283 1730 380"/></Shape>
	    <String CONTENT=""
                    HPOS="1727"
                    VPOS="283"
                    WIDTH="303"
                    HEIGHT="147"></String>
          </TextLine>

          
          
          <TextLine ID="eSc_line_c53f7ae8"
                    TAGREFS="LT6926"
                    BASELINE="554 390 1002 393" 
                    HPOS="553"
                    VPOS="286"
                    WIDTH="447"
                    HEIGHT="134">
            <Shape><Polygon POINTS="553 390 553 420 1000 416 1000 390 993 286 940 306 877 290 860 286 857 286 770 286 767 286 763 286 760 286 750 296 733 306 673 296 590 286 586 286 583 286 553 300 553 390"/></Shape>
	    <String CONTENT=""
                    HPOS="553"
                    VPOS="286"
                    WIDTH="447"
                    HEIGHT="134"></String>
          </TextLine>

          
        </TextBlock>
        
        <TextBlock HPOS="268"
                   VPOS="503"
                   WIDTH="1890"
                   HEIGHT="2710"
                   ID="eSc_textblock_df00aea2"
                   TAGREFS="BT19261">
          <Shape><Polygon POINTS="268 503 268 3213 2158 3213 2158 503"/></Shape>
          
          
          <TextLine ID="eSc_line_feb5712b"
                    TAGREFS="LT6926"
                    BASELINE="323 569 2034 583" 
                    HPOS="316"
                    VPOS="476"
                    WIDTH="1714"
                    HEIGHT="120">
            <Shape><Polygon POINTS="320 566 316 590 2024 596 2030 580 2027 480 1720 493 1617 476 1604 476 320 476 320 566"/></Shape>
	    <String CONTENT=""
                    HPOS="316"
                    VPOS="476"
                    WIDTH="1714"
                    HEIGHT="120"></String>
          </TextLine>

          
          
          <TextLine ID="eSc_line_bddc0fce"
                    TAGREFS="LT6926"
                    BASELINE="319 634 2068 643" 
                    HPOS="313"
                    VPOS="566"
                    WIDTH="1754"
                    HEIGHT="100">
            <Shape><Polygon POINTS="2014 580 1980 580 1947 580 1914 580 1880 580 1847 580 1814 580 1780 580 1747 580 1714 580 1680 580 1647 580 1614 580 1590 576 1267 583 506 570 480 570 446 570 413 570 380 570 346 570 343 566 316 566 316 633 313 666 2064 666 2067 640 2061 570 2014 570 2014 580"/></Shape>
	    <String CONTENT=""
                    HPOS="313"
                    VPOS="566"
                    WIDTH="1754"
                    HEIGHT="100"></String>
          </TextLine>

          
          
          <TextLine ID="eSc_line_509597de"
                    TAGREFS="LT6926"
                    BASELINE="285 700 2113 709" 
                    HPOS="280"
                    VPOS="640"
                    WIDTH="1831"
                    HEIGHT="86">
            <Shape><Polygon POINTS="283 700 280 726 2107 726 2111 706 2104 640 283 640 283 700"/></Shape>
	    <String CONTENT=""
                    HPOS="280"
                    VPOS="640"
                    WIDTH="1831"
                    HEIGHT="86"></String>
          </TextLine>

          
          
          <TextLine ID="eSc_line_6fda2f01"
                    TAGREFS="LT6926"
                    BASELINE="298 760 2130 775" 
                    HPOS="293"
                    VPOS="706"
                    WIDTH="1834"
                    HEIGHT="110">
            <Shape><Polygon POINTS="296 760 293 803 613 786 710 803 713 803 717 803 720 803 723 803 753 780 943 803 990 806 993 806 1083 803 1087 803 1090 803 1090 800 1110 783 1187 800 1240 810 1243 810 1360 800 1390 796 1394 796 1430 816 1434 816 1437 816 2124 790 2127 773 2124 720 296 706 296 760"/></Shape>
	    <String CONTENT=""
                    HPOS="293"
                    VPOS="706"
                    WIDTH="1834"
                    HEIGHT="110"></String>
          </TextLine>

          
          
          <TextLine ID="eSc_line_1d4ee190"
                    TAGREFS="LT6926"
                    BASELINE="295 824 2129 838" 
                    HPOS="290"
                    VPOS="770"
                    WIDTH="1837"
                    HEIGHT="96">
            <Shape><Polygon POINTS="293 823 290 850 2121 866 2127 836 2124 783 293 770 293 823"/></Shape>
	    <String CONTENT=""
                    HPOS="290"
                    VPOS="770"
                    WIDTH="1837"
                    HEIGHT="96"></String>
          </TextLine>

          
          
          <TextLine ID="eSc_line_ecd7292d"
                    TAGREFS="LT6926"
                    BASELINE="306 892 2091 898" 
                    HPOS="300"
                    VPOS="836"
                    WIDTH="1787"
                    HEIGHT="84">
            <Shape><Polygon POINTS="303 890 300 906 2081 920 2087 896 2084 843 303 836 303 890"/></Shape>
	    <String CONTENT=""
                    HPOS="300"
                    VPOS="836"
                    WIDTH="1787"
                    HEIGHT="84"></String>
          </TextLine>

          
          
          <TextLine ID="eSc_line_6e7dd2c7"
                    TAGREFS="LT6926"
                    BASELINE="302 949 2155 966" 
                    HPOS="296"
                    VPOS="890"
                    WIDTH="1858"
                    HEIGHT="146">
            <Shape><Polygon POINTS="1333 896 1300 896 1267 896 1233 896 1200 896 1177 893 1093 893 1067 893 1033 893 1000 893 967 893 933 893 900 893 867 893 833 893 800 893 767 893 733 893 700 893 666 893 633 893 600 893 566 893 533 893 500 893 466 893 433 893 400 893 366 893 333 893 300 890 300 946 296 1003 430 1006 433 1006 436 1006 443 1003 503 973 987 976 1010 996 1053 1033 1057 1033 1060 1033 1554 1036 1557 1036 1560 1036 1564 1036 1634 993 1697 1010 1700 1010 1704 1010 1790 996 1810 1013 1814 1013 1817 1013 1820 1013 1974 993 2077 1020 2081 1020 2084 1020 2087 1020 2151 983 2154 963 2154 906 1357 896 1333 896"/></Shape>
	    <String CONTENT=""
                    HPOS="296"
                    VPOS="890"
                    WIDTH="1858"
                    HEIGHT="146"></String>
          </TextLine>

          
          
          <TextLine ID="eSc_line_3757e199"
                    TAGREFS="LT6927"
                    BASELINE="534 1019 1571 1019" 
                    HPOS="533"
                    VPOS="950"
                    WIDTH="1037"
                    HEIGHT="93">
            <Shape><Polygon POINTS="833 953 800 953 767 953 733 953 700 953 666 950 633 950 600 950 566 950 540 950 533 956 533 1016 533 1043 1570 1036 1570 1016 1570 966 893 953 867 953"/></Shape>
	    <String CONTENT=""
                    HPOS="533"
                    VPOS="950"
                    WIDTH="1037"
                    HEIGHT="93"></String>
          </TextLine>

          
          
          <TextLine ID="eSc_line_aa1db503"
                    TAGREFS="LT6926"
                    BASELINE="553 1064 2121 1075" 
                    HPOS="546"
                    VPOS="1015"
                    WIDTH="1575"
                    HEIGHT="91">
            <Shape><Polygon POINTS="1616 1036 1563 1036 1496 1042 1437 1041 1410 1040 1344 1047 1299 1045 1276 1049 1253 1044 1241 1038 1212 1034 1176 1054 1146 1044 1118 1035 1078 1034 1038 1033 1007 1017 1004 1017 1002 1017 944 1023 913 1017 871 1025 842 1030 819 1025 781 1027 758 1021 733 1020 731 1020 729 1020 727 1020 655 1022 623 1018 604 1015 602 1015 600 1015 547 1024 546 1064 546 1087 2116 1106 2121 1075 2121 1042 2074 1026 2072 1026 2069 1026 1983 1040 1965 1026 1963 1026 1960 1026 1880 1026 1878 1026 1876 1026 1838 1040 1836 1040 1834 1040 1783 1015 1780 1015 1667 1021 1641 1026"/></Shape>
	    <String CONTENT="ciant tam pñtes quam futuri qđ ego Thomas de hereforde dedi"
                    HPOS="546"
                    VPOS="1015"
                    WIDTH="1575"
                    HEIGHT="91"></String>
          </TextLine>

          
          
          <TextLine ID="eSc_line_c4f0a567"
                    TAGREFS="LT6926"
                    BASELINE="533 1131 2098 1144" 
                    HPOS="531"
                    VPOS="1082"
                    WIDTH="1567"
                    HEIGHT="95">
            <Shape><Polygon POINTS="531 1154 2094 1177 2098 1144 2098 1106 1787 1091 1785 1091 1609 1102 1580 1102 1576 1102 1545 1088 1542 1088 1540 1088 1538 1088 1511 1100 1509 1100 1436 1088 1434 1088 1262 1097 1258 1097 1256 1097 1240 1086 1238 1086 1236 1086 1233 1086 1231 1086 1205 1097 1202 1097 1162 1086 1160 1086 1158 1086 1156 1086 1118 1097 1116 1097 1113 1097 1089 1086 1087 1086 1084 1086 1082 1086 1060 1097 1056 1097 1036 1095 911 1084 909 1084 809 1093 769 1082 767 1082 764 1082 540 1098 533 1131"/></Shape>
	    <String CONTENT="et concessi et hac pñti carta mea confirmaui Siluestro drois pro"
                    HPOS="531"
                    VPOS="1082"
                    WIDTH="1567"
                    HEIGHT="95"></String>
          </TextLine>

          
          
          <TextLine ID="eSc_line_6ab1a7c2"
                    TAGREFS="LT6926"
                    BASELINE="493 1188 2089 1200" 
                    HPOS="493"
                    VPOS="1142"
                    WIDTH="1600"
                    HEIGHT="75">
            <Shape><Polygon POINTS="2088 1217 2089 1200 2093 1176 2037 1177 1944 1162 1843 1168 1714 1167 1691 1164 1669 1162 1642 1161 1614 1160 1567 1166 1504 1163 1451 1160 1429 1163 1410 1175 1376 1146 1285 1153 1222 1157 1193 1153 1165 1146 1162 1146 1160 1146 1149 1151 1136 1157 1075 1162 1023 1155 981 1158 949 1162 911 1161 886 1159 849 1161 801 1154 761 1155 729 1168 689 1153 581 1142 524 1142 522 1142 520 1142 518 1142 515 1144 506 1151 498 1144 493 1188 497 1212"/></Shape>
	    <String CONTENT="homagio et seruicio suo unũ mesuagiũ in uilla mea de kille et"
                    HPOS="493"
                    VPOS="1142"
                    WIDTH="1600"
                    HEIGHT="75"></String>
          </TextLine>

          
          
          <TextLine ID="eSc_line_71abf01d"
                    TAGREFS="LT6926"
                    BASELINE="426 1245 2072 1260" 
                    HPOS="420"
                    VPOS="1209"
                    WIDTH="1652"
                    HEIGHT="81">
            <Shape><Polygon POINTS="420 1271 2064 1290 2071 1260 2072 1223 427 1209 423 1243"/></Shape>
	    <String CONTENT="sex acras t̾re in eadem uilla scilicet quatuor acras quas padin"
                    HPOS="420"
                    VPOS="1209"
                    WIDTH="1652"
                    HEIGHT="81"></String>
          </TextLine>

          
          
          <TextLine ID="eSc_line_db1b4139"
                    TAGREFS="LT6926"
                    BASELINE="415 1312 571 1314 2121 1331" 
                    HPOS="410"
                    VPOS="1266"
                    WIDTH="1707"
                    HEIGHT="100">
            <Shape><Polygon POINTS="410 1336 2111 1366 2117 1330 2112 1291 413 1266 413 1310"/></Shape>
	    <String CONTENT="makenulti tenuit et duas acras ꝓximiores sicut in mensurate et per-"
                    HPOS="410"
                    VPOS="1266"
                    WIDTH="1707"
                    HEIGHT="100"></String>
          </TextLine>

          
          
          <TextLine ID="eSc_line_ecb60e2b"
                    TAGREFS="LT6926"
                    BASELINE="293 1368 2123 1397" 
                    HPOS="292"
                    VPOS="1320"
                    WIDTH="1831"
                    HEIGHT="106">
            <Shape><Polygon POINTS="2118 1426 2123 1397 2123 1359 2006 1364 1746 1359 1643 1340 1640 1340 1620 1344 1585 1351 1467 1347 1395 1349 1307 1348 1200 1358 1141 1356 1035 1338 991 1340 943 1339 915 1340 878 1340 862 1326 860 1326 860 1324 858 1324 855 1324 853 1324 838 1326 784 1337 731 1324 720 1322 718 1322 715 1322 693 1324 584 1335 569 1322 566 1322 564 1322 544 1320 512 1324 431 1340 402 1330 357 1338 295 1337 293 1368 292 1395"/></Shape>
	    <String CONTENT="ambulate sunt sibi et heredibus suis h̃endas et tenendas de me et heredibꝰ"
                    HPOS="292"
                    VPOS="1320"
                    WIDTH="1831"
                    HEIGHT="106"></String>
          </TextLine>

          
          
          <TextLine ID="eSc_line_de9eb909"
                    TAGREFS="LT6926"
                    BASELINE="291 1435 2089 1462" 
                    HPOS="289"
                    VPOS="1388"
                    WIDTH="1800"
                    HEIGHT="109">
            <Shape><Polygon POINTS="289 1460 447 1464 492 1468 551 1461 608 1457 647 1462 657 1474 666 1476 680 1477 698 1478 706 1472 722 1471 733 1468 751 1467 791 1470 841 1468 959 1463 1187 1482 1391 1482 1485 1476 1517 1478 1546 1492 1562 1491 1589 1486 1606 1485 1623 1482 1643 1491 1654 1495 1656 1495 1658 1495 1689 1493 1753 1474 1778 1493 1789 1497 1791 1497 1794 1497 1829 1495 1905 1485 2084 1491 2089 1462 2087 1424 1985 1426 1939 1429 1863 1416 1754 1417 1751 1420 1647 1420 1610 1414 1489 1400 1487 1400 1387 1411 1353 1413 1338 1408 1298 1397 1276 1404 1248 1413 1217 1422 1189 1411 1142 1406 1038 1393 1036 1393 994 1401 962 1402 946 1399 911 1401 880 1407 836 1414 791 1400 742 1404 724 1397 702 1388 700 1388 698 1388 695 1388 666 1397 610 1400 566 1395 506 1390 450 1395 391 1393 291 1389 291 1435"/></Shape>
	    <String CONTENT="meis in feudo et hereditate cũ cõmuni pastura libere et quiete honorifice"
                    HPOS="289"
                    VPOS="1388"
                    WIDTH="1800"
                    HEIGHT="109"></String>
          </TextLine>

          
          
          <TextLine ID="eSc_line_fabc972c"
                    TAGREFS="LT6926"
                    BASELINE="293 1500 2123 1526" 
                    HPOS="293"
                    VPOS="1448"
                    WIDTH="1830"
                    HEIGHT="110">
            <Shape><Polygon POINTS="2058 1488 2038 1480 2027 1475 2025 1475 2023 1475 2020 1475 2007 1480 1969 1488 1927 1477 1909 1473 1907 1473 1905 1473 1878 1477 1829 1489 1794 1475 1772 1476 1753 1471 1736 1477 1712 1489 1701 1493 1677 1496 1642 1487 1620 1479 1609 1472 1589 1480 1547 1482 1511 1471 1500 1466 1498 1466 1496 1466 1494 1466 1491 1466 1489 1468 1476 1480 1418 1468 1414 1468 1411 1468 1409 1468 1360 1480 1341 1474 1303 1481 1282 1474 1258 1475 1240 1489 1206 1484 1049 1462 1020 1460 1018 1460 1009 1462 958 1473 927 1460 924 1460 801 1466 734 1463 679 1478 648 1463 560 1457 558 1457 471 1466 431 1451 429 1451 426 1451 420 1451 324 1460 295 1448 293 1500 293 1523 595 1531 644 1540 662 1542 664 1542 684 1540 729 1533 769 1540 920 1543 1863 1558 1974 1556 2121 1551 2123 1526 2118 1482"/></Shape>
	    <String CONTENT="e plenarie cũ om̃ibus libertatibus et liberis consuetudinibus cũ om̃ibus"
                    HPOS="293"
                    VPOS="1448"
                    WIDTH="1830"
                    HEIGHT="110"></String>
          </TextLine>

          
          
          <TextLine ID="eSc_line_c6258643"
                    TAGREFS="LT6926"
                    BASELINE="293 1566 2105 1600" 
                    HPOS="292"
                    VPOS="1515"
                    WIDTH="1813"
                    HEIGHT="111">
            <Shape><Polygon POINTS="292 1587 2102 1626 2105 1600 2103 1546 1952 1542 1949 1542 1938 1542 1865 1555 1836 1542 1832 1540 1829 1540 1827 1540 1816 1540 1749 1553 1700 1540 1694 1537 1691 1537 1689 1537 1663 1537 1509 1552 1482 1535 1480 1535 1478 1535 1476 1535 1471 1535 1414 1546 1391 1541 1389 1539 1345 1550 1315 1537 1295 1540 1258 1544 1162 1531 1129 1526 1127 1526 1100 1528 1020 1540 1010 1539 964 1544 920 1541 905 1537 866 1534 789 1535 771 1524 767 1520 764 1520 762 1520 760 1520 724 1524 662 1531 651 1522 646 1517 644 1517 642 1517 640 1517 609 1522 558 1528 514 1533 442 1515 440 1515 437 1515 435 1515 431 1520 409 1526 293 1517 293 1566"/></Shape>
	    <String CONTENT="ꝑtiñ suis et aiesiamentis in pratis in pascuis in uiis et in semitis et in"
                    HPOS="292"
                    VPOS="1515"
                    WIDTH="1813"
                    HEIGHT="111"></String>
          </TextLine>

          
          
          <TextLine ID="eSc_line_fa46a51b"
                    TAGREFS="LT6926"
                    BASELINE="289 1624 2112 1657" 
                    HPOS="284"
                    VPOS="1583"
                    WIDTH="1828"
                    HEIGHT="109">
            <Shape><Polygon POINTS="284 1648 2107 1692 2112 1657 2110 1625 289 1583 289 1624"/></Shape>
	    <String CONTENT="om̃ibus aliis locis p̾dc̃e uille Reddendo michi annuatim et heredibus meis"
                    HPOS="284"
                    VPOS="1583"
                    WIDTH="1828"
                    HEIGHT="109"></String>
          </TextLine>

          
          
          <TextLine ID="eSc_line_2d9cfef8"
                    TAGREFS="LT6926"
                    BASELINE="291 1686 2101 1733" 
                    HPOS="289"
                    VPOS="1633"
                    WIDTH="1826"
                    HEIGHT="134">
            <Shape><Polygon POINTS="2112 1767 2115 1737 2114 1680 2058 1693 2020 1680 2016 1677 2014 1677 2012 1677 1992 1677 1872 1688 1843 1687 1813 1685 1773 1685 1731 1687 1697 1687 1666 1686 1649 1673 1647 1673 1585 1682 1562 1666 1560 1666 1558 1666 1556 1666 1542 1666 1414 1677 1384 1673 1322 1676 1263 1667 1208 1671 1153 1671 1127 1655 1124 1655 1122 1655 1120 1655 1111 1655 982 1666 928 1665 884 1651 850 1664 811 1666 773 1662 749 1673 720 1659 651 1657 609 1644 606 1644 604 1644 549 1655 464 1642 462 1642 406 1651 382 1635 380 1635 377 1635 375 1635 369 1635 311 1644 295 1633 291 1686 289 1724"/></Shape>
	    <String CONTENT="ip̃e et heredes eius duodecim deñ ꝓ om̃i seruitio ad me et ad meos hered̃"
                    HPOS="289"
                    VPOS="1633"
                    WIDTH="1826"
                    HEIGHT="134"></String>
          </TextLine>

          
          
          <TextLine ID="eSc_line_a27bbb76"
                    TAGREFS="LT6926"
                    BASELINE="284 1757 2107 1795" 
                    HPOS="282"
                    VPOS="1724"
                    WIDTH="1829"
                    HEIGHT="104">
            <Shape><Polygon POINTS="282 1793 380 1779 558 1800 618 1804 620 1804 646 1802 709 1793 778 1792 820 1808 822 1808 853 1804 893 1797 942 1804 964 1794 988 1806 1009 1806 1033 1802 1076 1806 1145 1815 1147 1815 1149 1815 1164 1798 1193 1799 1305 1811 1578 1824 1580 1824 1729 1815 1754 1815 1756 1815 1785 1828 1787 1828 1789 1828 1915 1813 1997 1824 2023 1827 2058 1826 2105 1820 2107 1795 2111 1771 1930 1756 1767 1740 1605 1746 1574 1746 1556 1744 1465 1733 1462 1733 1434 1742 1405 1743 1393 1743 1378 1744 1353 1743 1321 1750 1297 1750 1267 1740 1251 1740 1136 1749 1029 1724 284 1726 284 1757"/></Shape>
	    <String CONTENT="pertinente scilicet ui denar̃ ad festum sc̃i mich̃is et ui denar̃ ad festum"
                    HPOS="282"
                    VPOS="1724"
                    WIDTH="1829"
                    HEIGHT="104"></String>
          </TextLine>

          
          
          <TextLine ID="eSc_line_f453d290"
                    TAGREFS="LT6926"
                    BASELINE="286 1820 2092 1860" 
                    HPOS="284"
                    VPOS="1779"
                    WIDTH="1817"
                    HEIGHT="107">
            <Shape><Polygon POINTS="284 1850 2087 1886 2094 1860 2101 1819 2082 1821 2056 1825 2032 1823 2017 1826 1978 1817 1976 1817 1956 1804 1954 1804 1952 1804 1949 1804 1839 1818 1807 1823 1787 1813 1758 1800 1756 1800 1754 1800 1751 1800 1707 1811 1673 1822 1632 1813 1595 1819 1566 1818 1471 1822 1390 1812 1236 1804 1231 1802 1219 1809 1172 1798 1145 1812 1126 1809 1106 1817 1091 1797 1068 1796 1057 1796 1040 1798 1022 1803 1000 1806 991 1808 974 1798 936 1799 882 1795 867 1798 842 1806 821 1809 813 1809 784 1789 760 1790 738 1788 718 1788 688 1799 660 1799 639 1796 612 1796 576 1798 511 1797 473 1794 445 1790 381 1779 338 1781 286 1780 286 1820"/></Shape>
	    <String CONTENT="sc̃e crucis in maio hiis testibus Rog̾o de Renni Simone de brothton Nich̃o"
                    HPOS="284"
                    VPOS="1779"
                    WIDTH="1817"
                    HEIGHT="107"></String>
          </TextLine>

          
          
          <TextLine ID="eSc_line_876c4017"
                    TAGREFS="LT6926"
                    BASELINE="280 1882 2107 1926" 
                    HPOS="277"
                    VPOS="1840"
                    WIDTH="1830"
                    HEIGHT="131">
            <Shape><Polygon POINTS="277 1906 444 1911 446 1913 486 1933 489 1933 491 1933 493 1933 518 1913 550 1915 581 1918 682 1928 684 1928 687 1928 702 1922 707 1920 711 1922 731 1940 733 1940 735 1940 738 1940 809 1926 822 1924 844 1926 898 1937 900 1937 964 1931 980 1931 984 1933 1009 1946 1011 1946 1013 1946 1069 1935 1082 1933 1096 1937 1131 1946 1133 1946 1136 1946 1138 1946 1160 1940 1178 1933 1202 1940 1233 1948 1236 1948 1238 1948 1307 1944 1367 1940 1514 1951 1654 1962 1656 1962 1734 1960 1823 1955 1838 1962 1847 1966 1849 1966 2103 1971 2107 1926 2105 1886 2046 1891 1992 1878 1956 1882 1952 1882 1945 1882 1889 1868 1845 1881 1763 1877 1745 1877 1707 1875 1551 1866 1495 1864 1460 1867 1425 1868 1422 1868 1414 1868 1350 1866 1286 1866 1201 1862 1172 1862 1145 1873 1111 1861 1080 1857 1051 1864 1033 1863 1017 1861 991 1861 975 1864 911 1869 880 1865 857 1858 842 1858 811 1856 778 1853 762 1865 688 1855 616 1856 513 1844 441 1854 280 1840 280 1882"/></Shape>
	    <String CONTENT="de Scotesdeñ Galfrido de Tiper Will̃o hib̃niens̃ Will̃o Artur Will̃o p̾poĩto"
                    HPOS="277"
                    VPOS="1840"
                    WIDTH="1830"
                    HEIGHT="131"></String>
          </TextLine>

          
          
          <TextLine ID="eSc_line_85a7e2d9"
                    TAGREFS="LT6926"
                    BASELINE="266 1946 1416 1975" 
                    HPOS="264"
                    VPOS="1895"
                    WIDTH="1152"
                    HEIGHT="116">
            <Shape><Polygon POINTS="264 1971 288 1982 309 1985 331 1968 366 1965 402 1964 469 1967 500 1979 558 1993 560 1993 612 1978 633 1984 662 1971 682 1976 696 1984 717 1985 741 1982 779 1993 834 1979 855 1991 909 2002 911 2002 951 1995 969 1987 995 1990 1003 2001 1007 2001 1017 2000 1021 1999 1043 1991 1071 1990 1094 1987 1110 1989 1121 1995 1132 2000 1142 1989 1168 1988 1184 1996 1198 2002 1220 2001 1302 1987 1323 2007 1365 2007 1414 2011 1416 1975 1416 1931 1356 1929 1337 1926 1291 1928 1271 1937 1251 1942 1207 1926 1169 1917 1167 1917 1100 1924 1022 1940 961 1934 925 1926 868 1928 824 1920 813 1922 809 1920 789 1906 787 1906 784 1906 782 1906 780 1906 761 1924 753 1926 733 1940 730 1933 722 1923 700 1922 684 1912 675 1915 667 1918 660 1922 656 1920 647 1920 630 1918 612 1912 600 1915 579 1918 538 1912 498 1926 459 1913 433 1900 431 1900 297 1895 295 1895 293 1895 266 1906 266 1946"/></Shape>
	    <String CONTENT="Rog̾o de Salosburia Iacobo cl̃ico et multis aliis"
                    HPOS="264"
                    VPOS="1895"
                    WIDTH="1152"
                    HEIGHT="116"></String>
          </TextLine>

          
          
          <TextLine ID="eSc_line_74dc28f6"
                    TAGREFS="LT6927"
                    BASELINE="618 2029 1394 2044" 
                    HPOS="616"
                    VPOS="1972"
                    WIDTH="774"
                    HEIGHT="111">
            <Shape><Polygon POINTS="618 2069 747 2060 783 2076 787 2076 790 2076 793 2076 803 2076 900 2063 923 2076 930 2083 933 2083 937 2083 940 2083 1387 2080 1390 2043 1387 1991 617 1972 616 2026"/></Shape>
	    <String CONTENT="C CC li de sex acr̃ t̾re in kille"
                    HPOS="616"
                    VPOS="1972"
                    WIDTH="774"
                    HEIGHT="111"></String>
          </TextLine>

          
          
          <TextLine ID="eSc_line_52e6fe5f"
                    TAGREFS="LT6926"
                    BASELINE="462 2144 2132 2188" 
                    HPOS="460"
                    VPOS="2071"
                    WIDTH="1672"
                    HEIGHT="157">
            <Shape><Polygon POINTS="1989 2106 1918 2120 1840 2097 1838 2097 1836 2097 1834 2097 1805 2113 1763 2102 1760 2102 1758 2102 1680 2111 1658 2097 1656 2097 1654 2097 1651 2097 1649 2097 1609 2108 1474 2104 1471 2104 1469 2104 1460 2106 1427 2122 1044 2115 971 2084 969 2084 967 2084 884 2088 856 2088 822 2088 794 2081 766 2085 726 2077 699 2071 675 2083 658 2086 643 2087 621 2090 594 2090 585 2087 564 2088 516 2092 465 2087 462 2154 460 2171 669 2178 733 2187 799 2175 853 2175 913 2197 929 2186 961 2194 990 2194 1008 2193 1029 2190 1120 2193 1140 2204 1142 2204 1145 2204 1147 2204 1271 2195 1276 2195 1298 2208 1300 2208 1302 2208 1305 2208 1437 2212 1508 2191 1687 2206 1709 2220 1711 2220 1714 2220 1726 2224 1954 2215 2054 2228 2056 2228 2129 2217 2132 2188 2129 2144 2072 2142 2069 2140 2012 2106 1996 2106"/></Shape>
	    <String CONTENT="ciant pñtes et futuri quod ego Thomas de hereforde dedi et"
                    HPOS="460"
                    VPOS="2071"
                    WIDTH="1672"
                    HEIGHT="157"></String>
          </TextLine>

          
          
          <TextLine ID="eSc_line_e62ff2f8"
                    TAGREFS="LT6926"
                    BASELINE="386 2206 2100 2257" 
                    HPOS="380"
                    VPOS="2163"
                    WIDTH="1717"
                    HEIGHT="127">
            <Shape><Polygon POINTS="380 2240 2091 2290 2097 2256 2094 2217 383 2163 383 2203"/></Shape>
	    <String CONTENT="concessi et hac pñti carta mea confirmaui Will̃o ꝑsone de ffornache"
                    HPOS="380"
                    VPOS="2163"
                    WIDTH="1717"
                    HEIGHT="127"></String>
          </TextLine>

          
          
          <TextLine ID="eSc_line_fa5af8d7"
                    TAGREFS="LT6926"
                    BASELINE="357 2276 1434 2317 2132 2331" 
                    HPOS="336"
                    VPOS="2240"
                    WIDTH="1795"
                    HEIGHT="130">
            <Shape><Polygon POINTS="336 2310 2124 2370 2131 2330 2131 2286 350 2240 346 2273"/></Shape>
	    <String CONTENT="ꝓ homagio et seruicio suo sex acras t̾re quas siluester de drois ha‐"
                    HPOS="336"
                    VPOS="2240"
                    WIDTH="1795"
                    HEIGHT="130"></String>
          </TextLine>

          
          
          <TextLine ID="eSc_line_82fb2355"
                    TAGREFS="LT6926"
                    BASELINE="302 2337 2083 2397" 
                    HPOS="300"
                    VPOS="2291"
                    WIDTH="1781"
                    HEIGHT="142">
            <Shape><Polygon POINTS="2078 2433 2081 2406 2079 2367 2009 2360 1912 2367 1841 2360 1800 2357 1743 2358 1712 2349 1669 2360 1614 2347 1544 2340 1510 2349 1405 2347 1176 2347 1103 2340 1095 2338 1054 2330 965 2330 937 2325 909 2322 835 2308 822 2306 779 2315 728 2306 606 2311 553 2314 534 2305 485 2308 411 2315 343 2308 307 2291 302 2337 300 2356"/></Shape>
	    <String CONTENT="buit et tenuit añ illum in campo que uocatur agancloye et domum"
                    HPOS="300"
                    VPOS="2291"
                    WIDTH="1781"
                    HEIGHT="142"></String>
          </TextLine>

          
          
          <TextLine ID="eSc_line_949940f3"
                    TAGREFS="LT6926"
                    BASELINE="280 2402 609 2408 1745 2457 2145 2460" 
                    HPOS="277"
                    VPOS="2356"
                    WIDTH="1868"
                    HEIGHT="146">
            <Shape><Polygon POINTS="277 2435 773 2451 884 2450 967 2462 969 2462 993 2462 1136 2457 1189 2468 1200 2471 1202 2471 1222 2471 1316 2464 2138 2502 2145 2460 2143 2413 2078 2422 2012 2422 2001 2420 1954 2424 1912 2422 1886 2419 1843 2417 1798 2414 1737 2432 1696 2411 1636 2407 1597 2418 1531 2408 1479 2410 1434 2409 1417 2407 1401 2405 1395 2404 1357 2400 1323 2402 1292 2401 1269 2396 1219 2408 1187 2401 1150 2390 1126 2399 1114 2394 1106 2397 1072 2384 1049 2378 1029 2379 1011 2382 992 2384 980 2380 969 2386 942 2380 904 2368 902 2368 900 2368 898 2368 895 2368 884 2377 875 2382 731 2380 707 2373 642 2357 640 2357 582 2368 571 2371 569 2368 546 2358 523 2361 502 2356 475 2364 446 2366 435 2366 429 2364 385 2367 343 2359 316 2357 280 2360 280 2402"/></Shape>
	    <String CONTENT="suam cũ mesuagio quam habuit in uilla mea de kille sibi et heredibꝰ"
                    HPOS="277"
                    VPOS="2356"
                    WIDTH="1868"
                    HEIGHT="146"></String>
          </TextLine>

          
          
          <TextLine ID="eSc_line_84849139"
                    TAGREFS="LT6926"
                    BASELINE="286 2466 1656 2522 2127 2528" 
                    HPOS="284"
                    VPOS="2424"
                    WIDTH="1843"
                    HEIGHT="146">
            <Shape><Polygon POINTS="284 2495 591 2502 833 2528 1091 2526 1118 2526 1133 2526 1300 2546 1302 2546 1411 2537 1420 2537 1445 2537 1749 2569 1817 2562 1877 2552 1972 2559 2009 2550 2047 2570 2075 2570 2123 2562 2127 2528 2125 2495 1912 2494 1787 2478 1737 2480 1718 2480 1711 2480 1667 2479 1622 2474 1591 2474 1558 2473 1542 2473 1529 2471 1452 2466 1413 2468 1318 2464 1307 2464 1282 2471 1124 2444 1122 2444 1065 2453 1013 2467 979 2460 897 2449 833 2449 736 2449 718 2442 707 2442 688 2440 630 2445 582 2445 562 2439 525 2442 478 2439 368 2438 286 2424 286 2466"/></Shape>
	    <String CONTENT="suis Tenendas et h̃endas de me et heredibus meis in feudo et here‐"
                    HPOS="284"
                    VPOS="2424"
                    WIDTH="1843"
                    HEIGHT="146"></String>
          </TextLine>

          
          
          <TextLine ID="eSc_line_7e5d0b6a"
                    TAGREFS="LT6926"
                    BASELINE="275 2537 2125 2595" 
                    HPOS="262"
                    VPOS="2493"
                    WIDTH="1862"
                    HEIGHT="140">
            <Shape><Polygon POINTS="262 2555 1376 2609 1459 2604 1517 2616 1569 2596 1647 2610 1804 2633 1929 2623 2121 2620 2124 2593 2121 2555 273 2493 273 2536"/></Shape>
	    <String CONTENT="ditate in liberam firmam libere et quiete plenarie et integre cũ cõmu‐"
                    HPOS="262"
                    VPOS="2493"
                    WIDTH="1862"
                    HEIGHT="140"></String>
          </TextLine>

          
          
          <TextLine ID="eSc_line_28f4b151"
                    TAGREFS="LT6926"
                    BASELINE="280 2600 1789 2657 2114 2660" 
                    HPOS="277"
                    VPOS="2548"
                    WIDTH="1839"
                    HEIGHT="156">
            <Shape><Polygon POINTS="2109 2704 2114 2660 2116 2620 2033 2618 1974 2619 1945 2619 1906 2619 1872 2624 1707 2617 1689 2602 1689 2600 1687 2600 1685 2600 1566 2602 1506 2611 1454 2591 1451 2591 1391 2588 1389 2588 1387 2588 1385 2588 1362 2604 1122 2584 1120 2584 969 2591 873 2588 851 2568 849 2568 847 2568 844 2568 840 2568 729 2582 655 2562 653 2562 651 2562 642 2562 486 2566 435 2553 431 2553 429 2553 426 2553 420 2553 326 2566 284 2548 280 2600 277 2626"/></Shape>
	    <String CONTENT="ni pastura p̾dc̃e uille et introitis in exitis cũ om̃ibus ꝑtinenciis suis"
                    HPOS="277"
                    VPOS="2548"
                    WIDTH="1839"
                    HEIGHT="156"></String>
          </TextLine>

          
          
          <TextLine ID="eSc_line_5b4c400d"
                    TAGREFS="LT6926"
                    BASELINE="280 2666 1823 2726 2132 2728" 
                    HPOS="277"
                    VPOS="2624"
                    WIDTH="1855"
                    HEIGHT="134">
            <Shape><Polygon POINTS="277 2688 1630 2749 2127 2758 2132 2728 2132 2693 2095 2691 2047 2691 2020 2689 1991 2688 1968 2691 1963 2688 1909 2693 1877 2691 1854 2686 1823 2682 1807 2682 1796 2680 1769 2688 1726 2689 1699 2697 1675 2682 1658 2677 1634 2670 1605 2662 1603 2662 1600 2662 1565 2671 1558 2673 1554 2671 1529 2660 1527 2660 1525 2660 1340 2664 1299 2669 1268 2680 1227 2648 1225 2648 1222 2648 1113 2655 1100 2655 1091 2655 1067 2651 1027 2656 964 2651 958 2651 942 2648 894 2644 866 2643 825 2646 795 2644 791 2644 773 2644 709 2641 604 2650 553 2635 544 2635 526 2635 443 2631 359 2633 280 2624 280 2666"/></Shape>
	    <String CONTENT="et aesiamentis et cũ aliis libertatibus om̃ibus et liberis consuetudini‐"
                    HPOS="277"
                    VPOS="2624"
                    WIDTH="1855"
                    HEIGHT="134"></String>
          </TextLine>

          
          
          <TextLine ID="eSc_line_9b60dec5"
                    TAGREFS="LT6926"
                    BASELINE="280 2728 2112 2795" 
                    HPOS="277"
                    VPOS="2677"
                    WIDTH="1835"
                    HEIGHT="158">
            <Shape><Polygon POINTS="1260 2806 1262 2806 1434 2802 1518 2815 1520 2815 1667 2808 1671 2808 1685 2808 2049 2835 2052 2835 2109 2822 2112 2795 2109 2744 1929 2753 1889 2757 1741 2748 1618 2742 1562 2738 1487 2734 1423 2730 1369 2720 1367 2720 1365 2720 1340 2731 1309 2733 1271 2725 1241 2725 1202 2729 1160 2725 1095 2729 962 2720 893 2700 891 2700 889 2700 815 2711 731 2695 729 2695 589 2704 523 2700 474 2692 440 2706 415 2697 282 2677 280 2728 277 2760"/></Shape>
	    <String CONTENT="bus quas ego ei dare et warantizare possum Reddendo inde annuatim ip̃e"
                    HPOS="277"
                    VPOS="2677"
                    WIDTH="1835"
                    HEIGHT="158"></String>
          </TextLine>

          
          
          <TextLine ID="eSc_line_2e4572d9"
                    TAGREFS="LT6926"
                    BASELINE="286 2797 2076 2864" 
                    HPOS="284"
                    VPOS="2757"
                    WIDTH="1792"
                    HEIGHT="136">
            <Shape><Polygon POINTS="284 2824 402 2842 404 2842 460 2833 462 2833 466 2833 880 2860 2072 2893 2076 2864 2074 2828 1925 2822 1900 2806 1898 2806 1896 2806 1894 2806 1751 2815 1729 2815 1718 2813 1660 2797 1658 2797 1656 2797 1578 2808 1567 2808 1562 2806 1534 2793 1531 2793 1529 2793 1527 2793 1494 2804 1485 2806 1444 2802 1419 2800 1405 2799 1392 2799 1362 2797 1339 2792 1316 2797 1302 2800 1287 2795 1225 2803 1191 2795 1166 2797 1140 2796 1119 2801 1081 2804 1042 2786 1018 2775 1016 2775 958 2789 929 2782 898 2784 893 2780 880 2771 880 2768 878 2768 875 2768 873 2768 845 2775 821 2774 802 2775 788 2778 765 2779 736 2778 710 2774 693 2773 660 2775 654 2771 566 2770 523 2768 440 2771 286 2757 286 2797"/></Shape>
	    <String CONTENT="et heredes sui michi et heredibus meis duodecim denar̃ ꝓ om̃i seruicio"
                    HPOS="284"
                    VPOS="2757"
                    WIDTH="1792"
                    HEIGHT="136"></String>
          </TextLine>

          
          
          <TextLine ID="eSc_line_bc3158b3"
                    TAGREFS="LT6926"
                    BASELINE="284 2862 2092 2935" 
                    HPOS="282"
                    VPOS="2822"
                    WIDTH="1810"
                    HEIGHT="144">
            <Shape><Polygon POINTS="282 2897 337 2891 622 2900 722 2920 724 2920 740 2917 773 2911 813 2920 829 2924 831 2924 833 2924 891 2924 1024 2920 1062 2928 1069 2931 1071 2931 1073 2931 1093 2931 1191 2926 1205 2935 1209 2940 1211 2940 1213 2940 1216 2940 1296 2937 1414 2935 1454 2944 1487 2951 1489 2951 1536 2946 1594 2942 1627 2951 1651 2957 1654 2957 2085 2966 2092 2935 2092 2897 2047 2896 1976 2891 1926 2888 1871 2896 1858 2886 1820 2886 1781 2883 1757 2883 1735 2888 1706 2892 1676 2880 1643 2879 1608 2871 1565 2875 1549 2875 1529 2873 1460 2870 1423 2871 1383 2867 1307 2853 1282 2862 1278 2864 1269 2862 1216 2848 1213 2848 1211 2848 1209 2848 1173 2857 1162 2860 1114 2855 1074 2857 1048 2853 1001 2856 960 2858 924 2862 888 2856 844 2857 786 2844 722 2846 693 2837 673 2840 660 2837 639 2835 406 2834 284 2822 284 2862"/></Shape>
	    <String CONTENT="et demanda michi et heredibus meis ꝑtinente uidelicet sex danarios"
                    HPOS="282"
                    VPOS="2822"
                    WIDTH="1810"
                    HEIGHT="144"></String>
          </TextLine>

          
          
          <TextLine ID="eSc_line_b835867f"
                    TAGREFS="LT6926"
                    BASELINE="286 2922 2092 2997" 
                    HPOS="284"
                    VPOS="2884"
                    WIDTH="1806"
                    HEIGHT="153">
            <Shape><Polygon POINTS="284 2953 520 2957 529 2964 546 2977 549 2977 551 2977 553 2977 555 2977 589 2966 602 2962 618 2966 660 2982 662 2982 682 2984 804 2975 813 2975 827 2975 1024 2997 1027 2997 1113 2988 1191 3004 1193 3004 1196 3004 1262 2993 1278 2991 1307 2995 1345 2987 1387 3002 1434 3013 1474 3002 1480 3000 1596 3002 1600 3006 1616 3017 1618 3017 1620 3017 1636 3016 1683 3008 1696 3008 1727 3011 1978 3037 1980 3037 2085 3024 2087 2997 2090 2961 1774 2958 1757 2957 1736 2947 1703 2950 1689 2938 1663 2937 1623 2942 1596 2935 1560 2926 1558 2926 1556 2926 1508 2939 1476 2935 1447 2931 1418 2927 1395 2926 1387 2928 1374 2930 1360 2929 1344 2928 1333 2928 1319 2928 1314 2928 1291 2930 1268 2933 1234 2945 1203 2925 1187 2911 1185 2911 1182 2911 1087 2915 1051 2917 1044 2915 1033 2904 1031 2904 1029 2904 1027 2904 993 2914 967 2917 939 2914 925 2918 904 2921 890 2923 890 2921 879 2924 866 2919 838 2927 816 2916 810 2909 796 2905 786 2908 770 2907 757 2915 729 2925 644 2900 483 2895 384 2887 286 2884 286 2922"/></Shape>
	    <String CONTENT="in festo sancti michaelis et sex denarios in festo sc̃e crucis in maio hiis"
                    HPOS="284"
                    VPOS="2884"
                    WIDTH="1806"
                    HEIGHT="153"></String>
          </TextLine>

          
          
          <TextLine ID="eSc_line_0277f91e"
                    TAGREFS="LT6926"
                    BASELINE="282 2991 1511 3048 2094 3064" 
                    HPOS="281"
                    VPOS="2947"
                    WIDTH="1825"
                    HEIGHT="156">
            <Shape><Polygon POINTS="281 3012 2106 3103 2106 3063 2102 3027 1855 3030 1737 3014 1693 3010 1630 3011 1603 3000 1562 3006 1513 3004 1494 3000 1472 3001 1451 3004 1434 3011 1425 3010 1408 3009 1387 3001 1367 2994 1352 2986 1333 2980 1331 2980 1329 2980 1327 2980 1260 2981 1204 2999 1174 2996 1167 2997 1139 2988 1112 2985 1089 2981 1072 2986 1051 2991 1019 2996 976 2987 920 2982 889 2973 870 2973 856 2971 828 2970 805 2969 791 2972 771 2983 729 2957 727 2957 724 2957 707 2966 689 2984 658 2966 613 2948 611 2948 609 2948 550 2972 524 2959 484 2947 466 2947 432 2953 343 2953 282 2951 282 2991"/></Shape>
	    <String CONTENT="testibus Rog̾o de Renni Simõe de brothton Willo hireys Will̃o Artur Reginald̃"
                    HPOS="281"
                    VPOS="2947"
                    WIDTH="1825"
                    HEIGHT="156"></String>
          </TextLine>

          
          
          <TextLine ID="eSc_line_c502778c"
                    TAGREFS="LT6926"
                    BASELINE="275 3055 1638 3120 2034 3124" 
                    HPOS="273"
                    VPOS="3012"
                    WIDTH="1761"
                    HEIGHT="174">
            <Shape><Polygon POINTS="273 3088 386 3117 389 3117 524 3102 533 3102 631 3104 635 3108 684 3128 687 3128 689 3128 691 3128 738 3113 740 3113 815 3126 818 3126 904 3120 931 3120 938 3122 967 3135 969 3135 971 3135 1011 3131 1029 3144 1029 3146 1031 3146 1033 3146 1036 3146 1207 3137 1280 3157 1282 3157 1382 3160 1385 3160 1387 3160 1418 3146 1431 3160 1434 3160 1436 3160 1531 3168 1534 3168 1647 3160 1736 3177 1738 3177 1740 3177 1767 3164 1780 3157 1816 3166 1892 3184 1932 3186 1934 3186 1936 3186 1963 3173 1978 3166 2027 3175 2034 3124 2032 3093 1928 3086 1836 3090 1758 3077 1751 3077 1738 3077 1583 3071 1532 3088 1504 3074 1441 3077 1416 3062 1355 3060 1308 3058 1273 3053 1233 3055 1188 3063 1152 3053 1114 3056 1018 3042 906 3043 275 3012 275 3055"/></Shape>
	    <String CONTENT="de bretteuille Edwardo de balneo Will̃o p̾põito de kille Iacobo cl̃ico ⁊ ml̃tis aliis"
                    HPOS="273"
                    VPOS="3012"
                    WIDTH="1761"
                    HEIGHT="174"></String>
          </TextLine>

          
        </TextBlock>
        
        <TextBlock HPOS="2162"
                   VPOS="291"
                   WIDTH="110"
                   HEIGHT="119"
                   ID="eSc_textblock_dccf626c"
                   TAGREFS="BT16581">
          <Shape><Polygon POINTS="2272 410 2272 291 2162 291 2162 410"/></Shape>
          
          
          <TextLine ID="eSc_line_140f12b3"
                    TAGREFS="LT6926"
                    BASELINE="2160 346 2238 352" 
                    HPOS="2154"
                    VPOS="283"
                    WIDTH="83"
                    HEIGHT="90">
            <Shape><Polygon POINTS="2157 343 2154 373 2234 373 2237 350 2237 293 2161 283 2157 343"/></Shape>
	    <String CONTENT=""
                    HPOS="2154"
                    VPOS="283"
                    WIDTH="83"
                    HEIGHT="90"></String>
          </TextLine>

          
        </TextBlock>
        
        <TextBlock HPOS="2175"
                   VPOS="3528"
                   WIDTH="244"
                   HEIGHT="472"
                   ID="eSc_textblock_2d96920e"
                   TAGREFS="BT16577">
          <Shape><Polygon POINTS="2175 3528 2175 4000 2419 4000 2419 3528"/></Shape>
          
        </TextBlock>
        
        <TextBlock HPOS="1024"
                   VPOS="3222"
                   WIDTH="259"
                   HEIGHT="203"
                   ID="eSc_textblock_d85fbe10"
                   TAGREFS="BT16585">
          <Shape><Polygon POINTS="1283 3425 1283 3222 1024 3222 1024 3425"/></Shape>
          
        </TextBlock>
        
        <TextBlock HPOS="2266"
                   VPOS="0"
                   WIDTH="188"
                   HEIGHT="318"
                   ID="eSc_textblock_bd7e3865"
                   TAGREFS="BT16577">
          <Shape><Polygon POINTS="2454 318 2454 0 2266 0 2266 318"/></Shape>
          
        </TextBlock>
        
        <TextBlock HPOS="221"
                   VPOS="971"
                   WIDTH="314"
                   HEIGHT="327"
                   ID="eSc_textblock_13188ddc"
                   TAGREFS="BT16578">
          <Shape><Polygon POINTS="221 971 221 1298 535 1298 535 971"/></Shape>
          
        </TextBlock>
        
        <TextBlock HPOS="204"
                   VPOS="1986"
                   WIDTH="267"
                   HEIGHT="373"
                   ID="eSc_textblock_c8c2e508"
                   TAGREFS="BT16578">
          <Shape><Polygon POINTS="204 1986 204 2359 471 2359 471 1986"/></Shape>
          
        </TextBlock>
        

        
      </PrintSpace>
    </Page>
  </Layout>
</alto>
