1259 2000
250 243 875 71 nam a ppͣ Leone olim rome susceꝑat ut p̾diximus regnũ ⁊ monarchiã angloꝵ

325 293 428 28 ⁊ ap̃ wyntoñ denuo fuit coronatꝰ

248 303 637 38 accepit ⁊ xxuiiiͭ ͦ⁊ semis annos laboriosissime s fortissi-

250 334 640 44 me tenuit. hic cet̾is ftͣribus suis erat iunior s; animosi

246 365 651 45 or uͥtute unde a patͤ cunctis ftͣribus plus amabat᷑

245 398 644 35 b̶a̶t᷑ ob moꝵ scilic suoꝵ similitudiẽm ⁊ specialis cuius-

244 430 642 34 dam gr̃e pͥuilegiũ que in eo adhuc puero mirabilit̾ re

246 463 641 42 fulgebat. unde eũ pat̾ cũ adhuc pu̾ulus ẽẽt cum mul-

245 495 632 36 tis militib maximisq donar̃ Romam misit ut sc̃oꝵ

244 526 659 36 apl̃oꝵ p̾cib cõmendaret᷑ et a sũmo pontifice bñdicere

242 560 655 35 tur. uen̾abilis autẽ sũmꝰ sacerdos leo qui tũc Romͣne

243 592 637 33 eccl̃ie p̾fuit uultũ ⁊ statũ pueri contemplatus cũ in eo

246 624 645 38 diuine p̾sencia maiestatis scintillanciũ. uͥrtutũ indiciis ꝑ

243 658 646 32 sensiss tempus ⁊ etatem regnandi regie unccõnis sa-

245 686 643 36 cͣmento p̾ueniens sicut quondmͣ sc̃us. Samuel puerũ

243 714 662 37 David ita eũ in regem sc̃issimꝰ p̾sul. deuotissĩe consecͣ

246 752 640 33 uit. uerũ pꝰ modicũ. cũ patre. Romam repetens pat̾

242 780 638 36 noꝵ bonoꝵ in om̃ib ⁊ adiutor esse ꝓmeruit. Conti

241 811 644 45 nuacio. De Genolegia regis alfredi siue

231 842 163 47 Aluredi.

242 868 648 40 Huiꝰ regis Alfredi siue Aluredi Genealogiam uet̾es ascẽ-

242 905 636 38 dendo texẽtes ad xp̃m usq ꝑ duxerunt Erat autẽ rex

241 939 636 34 Alfredus siue Aluredus. Aethelwlfi magni regis occidenta

239 970 636 36 liũ Saxonũ. filius qui fuit Egb̃ti qui fuit Alcmũdi qui

241 1004 652 32 fuit Eafe. qui fuit Eoppe qui fuit Ingild. qui fuit Ine

240 1025 650 43 fͣter qui ambo fuerũt filii kenred qui fuit Ceowald qui

240 1066 653 33 fuit Cuthe. Qui fuit Ceaulin Qui fuit keneric Qui fu-

242 1092 625 44 it Creodde Qui fuit Certic. Iste pͥmus ex anglis in

240 1123 647 45 regno Occidentaliũ Saxonũ regnauit. Certic fuit filius

238 1155 647 41 Elesa Qui fuit Gewise regine de qua quidam Britton

238 1190 639 48 ũ gen̾is sibi nobilitatẽ usurpant. Gewisa filia fuit

240 1222 652 48 Giwii qui fuit Wingii qui fuit ffreawine qui fuit ffre

240 1259 647 39 thegar qui fuit Broane qui fuit Beldai qui fuit Wo

244 1288 626 42 den huic uet̾es quartam feriam dedicau̾ũt quam de

240 1320 662 38 noĩe eius Wodensay idest diem Wodemii nũcupabant

243 1355 655 35 Woden fuit filius ffrethewold qui fuit ffrelaf qui fuit

243 1383 652 42 ffrethewlf qui fuit ffuin qui fuit Godulf qui fu

243 1413 657 37 it Geta. hũc uet̾es olim gentiles ꝓ deo uenerabant᷑

243 1440 652 38 cuiꝰ seduliꝰ poeta eximiꝰ in pascali. carmĩe mẽcionem

246 1471 638 43 faciens ait Cũ sua gentiles studeant figmenta poe-

244 1504 641 56 te Grandisonis pompar̃ modis tͣgicoq boatu Ri
