1210 2000
353 236 640 75 dicl̃o ue Gete seu qualib̃ arte canendi Geta igit᷑ fuit filius

356 294 659 49 Theatwa qui fuit Beaw qui fuit Saldwa qui fuit Sheaf

355 335 657 38 Iste ut ferũt in quandam insulam Germanie Scandelin

364 364 630 47 noĩe de qua Iordanus Gothoꝵ historiographus loquitur

360 398 642 43 appulsus in naui sine remige puerulus posito ad capud

358 434 657 34 eius frumenti manipl̃o. quẽ pat̾a lingua scef dicimꝰ. gal

356 463 639 43 lica uͦ garbam dormiens inuentus est hac gͦ de causa

356 494 657 44 scheaf appellatus ⁊ ab homĩb regionis ꝓ miracl̃o exceptꝰ

359 530 647 35 ⁊ sedulo est nutͥtus Qui adulta etate regnauit in oppi

358 558 655 38 do quod tũc Slaswic nũc uͦ. harthebi appellat᷑ est aũ

358 586 649 40 regio illa uetus Anglia nũcupata Unde Angli in Btãni

357 621 648 37 am uenerũt. int̾ Gothos ⁊ Saxones constituta Scheaf

360 651 675 49 quo fuit. filius heremod qui fuit Itermod qui fuit hathͣ.

356 684 662 47 qui fuit Wala. qui fuit Bedwi qui fuit Sem qui fuit No

355 717 650 43 e. qui fuit lameth qui fuit matussale qui fuit Enoch qͥ

355 749 652 49 ͮͮfuit Iareth qui fuit malaleel qui fuit Cainan qui fuit

353 782 622 36 Enos qui fuit Seth qui fuit Admͣ qui fuit Dei.

355 811 640 54 Continuac̃o. De annis pu̾elibus Alfredi siue

357 844 230 43 Aluredi regis.

355 871 655 50 Alfredus igitur siue Aluredus in annis puerilibus ingen

353 910 649 41 ti patͥs sui. ⁊ matͥs amore suꝑ om̃s frat̾s suos ⁊ qͦd

353 943 656 37 potissimũ erat ab om̃ib in regno diligebat᷑ Unde ⁊ in re-

353 970 660 45 gia semꝑ curia inseꝑabilit̾ nutͥebat᷑. Erat enĩ cunctis

360 1006 637 44 ftͣribus suis forme decenc̃or uultu serenior quo circa u̾

356 1036 659 45 bis ⁊ moribus gͣciosior apparebat Uerumptam̃ parentũ

355 1067 650 43 ac magr̃oꝵ suoꝵ in-curia usq ad annũ etatis sue. du-

357 1100 648 42 odecimũ illiteratus ꝑmansit.. Saxonica tam̃ poemata

355 1133 646 41 die noctuq sollers auditor ⁊ recitator docilis memo

355 1166 662 44 rator retinebat In arte uenatoria aucupatoria inq oĩ

353 1195 647 41 pericia ⁊ felicitate incõꝑabilis sicut ⁊ in aliis donis

352 1227 655 49 fuit Cum uͦ. mat̾. eius die quadam sibi ⁊ fratͥbus

350 1260 638 48 suis quemdmͣ. Saxonicũ metͥce artis librũ quem

350 1294 646 41 manu tenebat ostenderet ait illis Quis ur̃m ciciꝰ

348 1323 654 48 discere pot̾it codicem istũ dabo ei illũ Tũc Alfredus

351 1355 660 45 siue Aluredus pͥncipalis littere libͥ illiꝰ pulcͥtudine il-

350 1388 660 50 lectꝰ matͥ respondit. Uerͤ ne inquit dabis librũ illi ex

351 1418 647 43 nob̃ qui ciciꝰ illũ intellig̾e ⁊ coram te pot̾it recitare.

351 1446 639 45 Et illa Dabo inquit Tũc ille librũ tollens magr̃m

349 1475 655 46 adiit legit ⁊ ad matrem rediens illũ memorit̾ recita

348 1507 645 72 uit. Deinde usu assiduo sine int̾missione psalmos

136 982 174 38 in regio curto.

144 1015 166 47 in Libro cister.

143 1051 199 51 unde hec dͤ sũpta:
