2718 4298
1276 167 802 327 dwardus dei gr̃a

1269 433 799 173 Rex Anglie Dominꝰ

1255 544 853 195 hib̃nie. ⁊ dux Aquit̃

1275 693 747 145 omnibus ad quos

1292 787 735 220 p̾sent̃ littere ꝑue

1296 915 817 166 nerint sal̃m. Inspex

1289 1029 807 179 imus magnam car

1296 1135 831 183 tam domini .h. quõ

1287 1252 771 175 dam regis Anglie

329 1361 1747 236 de lib̃tatibus Angl̃ in hec u̾ba. henricus

344 1484 1758 224 dei grã ⁊c̃. Archiep̃is. Ep̃is. Abbat̃. Prior̃

337 1593 1767 255 comit̃. Baronibus. uicecomit̃. ministĩ

358 1735 1767 215 Balliuis ⁊ fidelibus suis present̃ cartam

354 1833 1765 269 inspͨturis sal̃tm. Sciatis nos intuitu dei

372 1958 1735 271 et ꝓ salute anime nr̃e. ⁊ animaꝵ antec̃

393 2096 1737 229 ⁊ successoꝵ nr̃oꝵ ⁊ ad exaltacõem sc̃e

360 2230 1737 222 ec̃c̃e ⁊ ad emendacionem regni nr̃i spon

353 2347 1779 222 tanea ⁊ bona uoluntate nr̃a dedimus ⁊

358 2466 1758 220 concessimus Archiep̃is. Ep̃is. Abbat̃. pͥori

369 2571 1742 205 bus. Comit̃. Baronib. milit̃ ⁊ omnib

360 2692 1771 201 aliis de regno nostro. has lib̃tates subscͥp

362 2830 1767 192 tas tenendas imꝑpetuum. ¶ In pͥmis con

358 2951 1770 194 cessimus deo ⁊ hac present̃ carta nr̃a con

352 3065 1843 323 firmauimꝰ ꝓ nobis ⁊ hered̃ nr̃is imꝑpetuũ.
