2718 4298
168 519 1944 219 ꝑtem omĩum mobilium suoꝵ. Concessimus

178 644 1945 199 etiam eisd̃ pro nobis ⁊ heredibus nostris quod

179 748 1886 193 nec nos nͨ heredes nostͥ aliquid ꝑquiremus ꝑ

183 878 1980 187 qͦd libertates in hac carta ꝯtent̃ in fringant᷑

176 978 1915 183 ul̃ infirment᷑. Et si ab aliquo ꝯͣ hoc aliqͥd ꝑ

181 1101 1868 187 quisitũ fuerit nichil ualeat ⁊ ꝓ nichilo

170 1203 1931 162 h̃eat᷑. hiis testibus. Dño .S. cantuar̃ Ar

181 1315 1856 178 chiep̃o. E. Lond̃ ep̃o. I. Bathoñ. Ep̃o. p.

181 1424 1990 180 Wyntoñ Ep̃o. h. Linc̃. Ep̃o. R. Sar̃. Wroff̃

191 1540 2065 179 W. Wygorñ. I. Eliens̃. h. herford. R. cicestr̃

188 1657 1959 190 W. Exoñ. Ep̃is. Abbate sc̃i Edmundi. Abba

188 1764 1906 160 te sc̃i albani. Abbate de Bello. Abbate sc̃i

191 1891 1951 167 augustini cantuar̃. abbate de Euesham

193 1993 1942 159 abbate de Westm̃. abbate de Burgo sc̃i petͥ

197 2105 1986 159 abbat̃ de Redingg̃. abbatͤ de abbyndoñ

200 2211 1929 167 abbatͤ de Malmesburͥa. abbatͤ de Wynche

193 2324 1915 172 combe. abbate de hyda. abbatͤ de Cers̃

203 2414 1951 191 abbatͤ de Shyrburñ. abbate de Cernͤ. ab

215 2528 1973 193 batͤ de abbotesbury abbatͤ de Midiltoñ

207 2662 1920 179 abbatͤ de seleby. abbatͤ de cirencestr̃

200 2781 1949 183 h. de Burgo. Iustic̃. h. comite cestr̃ ⁊

209 2889 1918 172 linc̃. W. com̃ sar̃. W. com̃ warenñ. G

231 2989 1928 167 de clare. comes gloucestr̃ ⁊ herford̃. W

234 3106 1946 189 de ferar̃ com̃ dereb̃. W. de mandeuill̃
