2718 4298
831 138 494 196 De foresta.

257 261 1722 331 mũ annũ coronacõis nostre. Et qͥ decet̾o

260 474 1762 253 uastum p᷑presturam uel assartum sine licen

267 609 1689 224 cia nr̃a in illis fec̾it. de uastis p᷑presturis

269 685 1913 272 et assartis rñdeat. ¶ Reuuardatores nr̃i .iiii.

279 835 1745 248 eant ꝑ forestam nr̃am ad faciend̃ reuuar

284 941 1746 248 dum sicut facẽ consueu̾nt tempore reg̃

284 1074 1725 210 henrici aui nr̃i. ¶ Inquisitio uel uisus

293 1170 1756 265 expeditacõis canum in foresta nr̃a exis

293 1299 1756 228 tencium fiat quando fieri debet rewar

303 1432 1724 196 dum .s. de t̾cio anno in t̾cium annum

312 1535 1746 224 et tunc fiat per testimoniũ leg̃ hom̃

317 1647 1710 222 ⁊ non aliter. Et ille cuius canis fu̾it

323 1778 1728 201 inuentus non expeditatus det ꝓ sua

343 1869 1733 261 expediacione tres solid̃. ⁊ decet̾o null̃s

342 2013 1747 233 bos capiatur pro expeditacione canum.

334 2137 1731 233 Expeditacio canum talis est ꝑ assisam

348 2256 1732 220 comunem qd̶ tres ortelli absciudantur

348 2382 1746 224 de pede anteriori sine polleta. Nec expe

358 2485 1719 203 ditentur canes decet̾o nisi in illis locis

358 2633 1722 194 ubi expeditari consueu̾nt tempore co

358 2718 1961 223 ronacõis reg̃ .h. aui nostͥ. ¶ Nullus fo ui.

370 2869 1667 222 restarius decet̾o. uel bedellus fac̃ sco

374 2966 1719 212 tallas. uel colligat garbas. aueñ blad̃

369 3090 1811 325 agnos. uel porcellos nͨ aliqmͣ collectam
