2766 4298
1511 207 392 146 Carta.

871 378 1698 280 hoc aut̃ fac̃ in redeundo ut p̾dc̃m est.

573 547 168 248 .xiii.

773 555 1829 225 ¶ Unusquis; liber homo decet̾o sine oc̃c̃o

875 690 1758 190 ne faciat in bosco suo sine in terra quam

874 798 1792 184 h̃et in foresta molend̃. uiuariũ. stagnũ

859 910 1755 190 marleram. fossatum. uel terram arrabi-

864 1042 1753 175 lem exͣ cooꝑtum. ita qd̶ non sit ad nocu

562 1156 260 172 .xiiii.

845 1162 1739 178 mentum alicuius uicini. ¶ Unusquis;

859 1267 1756 206 liber homo h̃eat in boscis suis aereas an

871 1386 1730 183 cipitr̃. sꝑuarium. falconem. ⁊ hairones

862 1497 1766 202 et h̃eat similiter mel quod inuent̃ fuerit

541 1608 229 185 .xv.

802 1606 1780 217 in boscis suis ¶ Nullus forestarius dece

855 1755 1710 174 tero qui non sit de feodo nobis firmam

852 1860 1737 184 reddens ꝓ balliua sua capiat chiminag̃

850 1974 1765 196 aliquod in balliua sua. forestarius autem

843 2096 1751 196 de feodo nobis firmam reddens ꝓ ballĩa

855 2215 1707 191 sua capiat chiminagiũ. uidelicet ꝓ carec

840 2316 1798 201 ca per dimidiũ annũ .ii. d̃. ⁊ ꝑ aliũ dimi

840 2461 1715 201 diũ annum .ii. d̃. et ꝓ equo portante

840 2590 1773 186 sũmagiũ ꝑ dĩ annũ. ob̃. ⁊ ꝑ alium dĩ

843 2700 1767 205 annũ. ob̃. ⁊ hoc nͥ de illis qui exͣ ballĩam

855 2831 1730 187 suam ueniunt tanqͣm m̾catores ꝑ licẽ

834 2951 1766 199 ciam suam in balliuam suam ad boscũ

830 3082 1787 169 m̾emiũ. corticem ⁊ carbonem emendũ

838 3193 1753 347 et alias ducend̃ quo uolu̾int ad uenden
