10017 13644
1469 1527 6147 625 dictarum oblacõnum sͥ uł c̾to suo assĩgnato lib̾abunt siue in ca-

1554 2061 6003 451 pella siue in eccl̃ia celebrauerint. Si u̾o capellani dc̃i Regiñ. uł here-

1554 2368 6136 398 dum suoꝵ contͣ formam p̾taxatam aliqͦ casu uen̾int ⁊ ꝯuicti fu̾int

1562 2683 5922 455 uł dep̾hensi licebit dc̃o abb̃ti ip̃os suspendere. ne celebrent inꝑochia de

1554 3016 6188 417 thorre quousq de offensa rõnabilit̾ fu̾it satisfc̃m. Hanc aut̃ cõuen-

1569 3321 6036 442 cõnem fidelit̾ ⁊ sine dolo tenendam utͣq ꝑs sub sue fidei religione

1552 3630 6174 440 ꝓmisit ⁊ ad maiorem securitatem huic scͥpto in modũ cirographi

1554 3941 5081 440 ꝯfecto alt̾natim sigilla sua apposuerunt. Hiis test̃.

1865 4490 5763 564 niuersis sc̃e matͥs eccl̃ie filiis ad quos p̾sens scͥptum ꝑuen̾it. H. dei

1842 4873 5710 471 gr̃a Exoñ ep̃c sal̃m in dño. ad uniu̾sitatis ur̃e uolumꝰ ꝑuenire no-

1524 5230 5985 466 ticiam nos puro caritatis intuitu ad p̾sentacõnem. Will̃i Briewer̃

1524 5533 5884 440 concessisse ⁊ dedisse abb̃i ⁊ conuentui de thorre ecc̃am de thorre

1531 5851 5847 484 cum om̃ib ꝑtineñ eiꝰ in usus ꝓpͥos inꝑpetuũ ꝯu̾tendam. Saluo in

1539 6146 5983 441 om̃ib iure ⁊ consuetudine episcopali. Et ut hec donacõ nr̃a ra

1516 6450 6015 496 ta. ⁊ inconcussa inꝑpetuũ ꝑmaneat: eam p̾sentis scͥpti ⁊ sigilli

1516 6731 6036 587 ntr̃i inp̾ssione confirmauimꝰ. Dat̃ penitoñ .iiii. Idus Iunii. pon

1508 7049 3489 440 tificatus nr̃i anno qͣrto. Hiis test̃.

1881 7610 5823 538 m̃ib sc̃e matͥs eccl̃ie filiis ad quos p̾sens scͥptum ꝑuen̾it .W.

1955 8058 5628 421 miseracõne diuina Exoñ ep̃c minist̾ humilis sal̃m. et̾nam

1508 8284 5862 493 in dño. Quia longinquitate sepe fit temporis ut nõ clarescat

1499 8572 5886 530 u̾itas originis ad instantiam dilectoꝵ filioꝵ nr̃oꝵ abb̃is ⁊ ꝯuentꝰ

1501 8898 5898 588 de thorre q̃ p̾t̾itis tp̃orib acta sunt ne lapsu temꝑis euanesc̾e

1493 9235 5938 505 ꝯtingat. cum sit m̾itorium testimoniũ ꝓhibere ueritati. Dux-

1499 9503 5917 555 imꝰ memorie fidelit̾ ꝯmendanda. Cum gͥ caritas bone memorie

3331 588 503 321 thor̃
