2691 4036
239 206 2169 159 clamasse. ⁊ abiurasse ꝓ me & h̃edib meis in ꝑpetuũ Ermegarde Regi

237 313 2153 173 ne ⁊ matͥ doͥ Regis Alexandͥ t̾ras de Cultrach. & de Balm᷑inach in

237 439 2162 159 fif. cũ aduocacõe eccl̃ie de Balmurinach. & t̾rã de Ardint in dñicis &

237 547 2196 143 seruiciis. cũ õib lib̾tatib ⁊ ꝑtinẽciis ad p̾dc̃as t̾ras ꝑtinẽtibꝰ sine ullo

251 668 2152 132 retinemẽto Totũ eciam ius qđ ego ⁊ h̃edes mei in p̾dc̃is t̾ris h̃uimꝰ

251 773 2137 139 uel habere potuimꝰ resignaui ꝓ me & h̃edibꝰ meis ꝑ fustũ ⁊ bacl̃m in

260 881 2121 130 manu dc̃e dñe Ermegarde matris dc̃i dñi regis Alexandri ita ꝙ

262 982 2186 143 liceat eidẽ regine in quoscũq usus uolu̾it p̾dc̃as t̾ras assignare nõ

271 1087 2213 135 obstante aliqͣ cõtradictõe mei uel h̾edũ meoꝵ Et ut hec mea resig-

264 1192 2198 128 nacio ⁊ qͥeta clamacio ⁊ abiuracio ꝑpetuam obtineãt fͥmitatẽ. hoc

269 1311 2193 119 scͥptũ sigll̃i mei apposicõe roboraui Hiis testib. Dño Gregorio bre-

269 1401 2117 116 chiñsi ep̃o. Thom̃ de Stͥuelin archidiacono Glascᷚuensi. Radulfo de

257 1502 2146 141 Tounei. Hingl̃anno de Baillol. Radulf̃. Bigod. Henr̃ de Stͥuelin

282 1607 2162 139 Henr̃ de Brech̃in filiis comitis Dauid. Dauid de Haia. Gilb̃t. Adam

292 1698 2160 155 ⁊ Thom̃. filio Ranulfi cl̾icis doͥ regis ⁊ multis aliis Cõuencio

336 1792 2136 155 ec ẽ cõuencõ fc̃a int̾ dñam Ermẽgard. & ad̃ de Stawel .V.

271 1899 2157 172 Ermeng̃ reginã. matͤm doͥ regis Alex̃. ⁊ dñm Adam de Stawelle suꝑ

296 2022 2177 152 mille marcis quas p̾dc̃a dña Regina debuit p̾dc̃o Ade de Stawell̃ ꝓ qui-

298 2139 2153 132 eta clamãcia & resignacõe ⁊ abiuracõe t̾raꝵ de Cultrach ⁊ de Balm᷑

293 2222 2171 127 ynach. ⁊ de Ardin cũ eaꝵ libertatibꝰ ⁊ ꝑtinẽciis ⁊ cũ blado ⁊ instauro

291 2320 2144 148 suo ꝓpͥo qđ idẽ Adam habuit in p̾dc̃is t̾ris fc̃is in curia doͥ regis Alex̃

296 2428 2161 143 apͩ forfar die dñica ꝓxima pꝰ festũ sc̃i Dionisii. Anno gr̃e .mill̃ Ducẽt̃

284 2535 2160 151 uicesim̃. qͥnt̃ ⁊ suꝑ instrumẽtis que idem Ad̃ ⁊ añcessores eiꝰ habuer̃t

289 2636 2099 151 de p̾dc̃is t̾ris a p̾dc̃is regibꝰ Scoc̃ Will̃o. & Alex̃. sil qđ p̾dc̃us Ad̃ de

280 2744 2177 141 Stawell̃. oĩa instͧmẽta cõfecta de p̾dc̃is t̾ris a p̾dc̃is regib fidelit̾ tͣdet

302 2843 2169 148 ante pͥmã solucõem. huiꝰ pecũie ĩ manu magr̃i milicie templi

293 2937 2169 150 Londoñ. Reddẽda p̾dc̃e regine. uł nũcio ip̃iꝰ ad hoc destinato cũ eidẽ

296 3035 2164 162 ade de p̾dc̃is mille marc̃ fu̾it satisfc̃m Et sciend̃ ẽ ꝙ p̾dc̃a regina

304 3145 2106 155 reddet p̾dc̃as mille marc̃ ad tẽplũ Londoñ ad t̾minos subscͥptos.

302 3260 2214 143 sil. qͥngẽtas marcꝭ infͣ Natale doͥ eiꝰdẽ anni. ⁊ alias qͥngẽtaᷤ marcꝭ

309 3361 2159 157 infͣ Natiuitatẽ sc̃i Ioh̃ Bapt̃ ꝓxĩo sequẽtẽ. Ita autẽ hac solucõe p̾-

313 3470 2111 133 dc̃a instrumẽta & p̾sens scͥptũ p̾dicte regine uel eiꝰ nũcio ad hoc

309 3562 2139 135 destinato sicut p̾dc̃m est sine difficultate reddent᷑. Predc̃a uͦ regi

320 3659 2072 137 na se hanc cõuencõem obseruãdã fidelit̾ ꝓmisit. & p̾dc̃us Adam se

309 3755 2144 166 eandẽ ꝯuẽcõnẽ fidelit̾ obseruaturũ tactis sacͦsc̃is iurauͭ. Ad maiorẽ
