2691 4036
244 155 2196 187 autẽ hꝰ rei securitatẽ huic scͥpto sigll̃a sua mutuo apposuer̃t Hiis testib

198 274 2249 149 dñis Greg̃ ep̃o Brehinh̃. Thom̃ de Stͥuelin. archid̃ Glasg̃. Rad̃ de Thoñ

228 378 2205 143 Engel̃r de Baill̃. Rad̃ Bigõt. Henr̃ de Stͥuel̃. Henr̃ de Brethyn filiis com̃

215 457 1994 141 Dauid. Dauid de Haya. Gilb̃t ⁊ Ad̃ ⁊ Thom̃ filiis Ranũ clericis doͥ regis

188 544 1053 132 Om̃ibꝰ xͥ fidelibꝰ ad quos p̾sens scͥptũ

1251 554 1343 135 ta clamacio Ad̃ de Stawel. de. mill̃ marc̃

2223 501 195 104 Qͥe

232 652 2264 131 ꝑuen̾it Adã de Stawell̃ salt̃ in dño Nou̾itꝭ me recepisse ap Londoñ in tẽplo Londoñ

235 744 2236 128 mille marcꝭ bonoꝵ & legaliũ st̾lingoꝵ mͥ redditis a dña Ermengard̃ regina scoc̃

239 840 2220 143 matͤ dñi Regis Scoc̃ corã fratͥbꝰ Symone. & moricã eiꝰd̃ tẽpli capll̃is. ⁊ aliis fratribꝰ

239 926 2218 150 eiꝰd̃ tẽpli ꝓ t̾ris de Balm᷑ynach & de Ardin. ⁊ de Cultrath. quas eid̃ dñe Regine uẽdidi

226 1031 2239 144 ꝓ me & h̾edibꝰ meis eid̃ resignaui & inꝑpetuũ qͥetas clamaui sil ꝑ manũ Thom̃

235 1132 2200 130 fil̃ Ranũ ĩ tẽplo Londoñ die martꝭ in crastino sc̃i Thomͤ martiris anno gr̃e

241 1233 2201 159 mͦ. ccͦ. xxͦuͦ. qͥngẽtas marcas. ⁊ ibidẽ in festo sc̃i Ioh̃is Bapt̃ ꝑ monachos de

232 1328 2179 153 melros. anno gr̃e. mͦ. ccͦ. xxͦuiͦ. qͥngẽtas marc̃ Et in hꝰ rei test̃ has l̃ras

232 1429 978 138 meas patẽtes eid̃ regine confeci

1258 1419 1231 141 Resignaci laurẽcii de Abir

195 1513 1123 155 Om̃ibꝰ hoc scͥptũ uisur̃ uł auditur̃

1323 1510 1118 144 nethy. de Cultͣn. uii.

214 1614 2164 138 Laur̃ de Habrenith̃ filius Orm. et̾nã ĩ dno salt̃ Nou̾it uniu̾sitas ur̃a

219 1711 2191 169 me in p̾sencia dñi Alexandͥ d̃i gr̃a illustͥs regis Scoc̃ ꝓ salute aĩe mee. ⁊ uxo

224 1802 2191 145 ris mee. ⁊ aĩab oĩm añcessoꝵ meoꝵ ⁊ successoꝵ meoꝵ resignasse. ⁊ qͥetam

222 1878 2208 178 clamasse ꝓ me ⁊ h̾edibꝰ meis. inꝑpetuũ d̃o ⁊ b̃e marie ⁊ sc̃o Edwardo de balm᷑

215 2000 2233 136 ynach in fif & monachis Cist̾ciensis ordinis ibidm̃ d̃o seruientibꝰ ⁊ inꝑpetuũ ser

219 2091 2216 144 uitur̃. totã t̾rã de Cultͣn ⁊ de Balnedan. ⁊ de Balnedart ⁊ de Corteby ⁊ de

215 2164 2236 186 Balm᷑ynach in qua monast̾iũ eoꝵ fũdatũ ẽ ⁊ totũ ius qđ ego ⁊ h̾edes mei in

217 2280 2189 157 eisdẽ t̾ris habuimꝰ uel habere potuimꝰ Qͣre uolo ⁊ cõcedo ꝙ p̾dc̃i monachi

222 2396 2170 130 p̾dc̃as t̾ras cũ om̃ibꝰ ꝑtinẽciis suis habeant. & teneant in purã ⁊ ꝑpetuam

222 2480 2190 127 elemosinã. adeo lib̾e. qͥete. plenarie ⁊ honorifice. sicut aliqͣ elemosina ĩ regno

201 2567 2211 150 Scoc̃ lib̾ius. qͥetius. plenius ⁊ honorificenciꝰ tenet᷑. aut possidet᷑. Pro hac autẽ

217 2656 2186 142 resignacõe. ⁊ qͥeta clamacõe bone memorie Ermegardis qͦndã illustris

222 2754 2179 173 regina Scoc̃ uolens in hac ꝑte p̾dc̃os monachos ꝑpetua pace gaudere. mͥ

213 2852 2195 177 ducẽtas marcas ꝑsolui mãdauit. quas ab executoribꝰ testamẽti sui plenarie

215 2948 2276 159 recepi Et in hꝰ rei test̃ p̾sens scͥptũ sigll̃i mei munimine roboraui Hiis

217 3062 2164 135 testibꝰ. Alexandͦ d̃i gr̃a rege Scoc̃. Will̃o ead̃ gr̃a Ep̃o Glasg̃ eiusd̃ regis

215 3154 2182 150 cancell̃. Andrea d̃i gr̃a ep̃o Moͬreuẽs̃. Walt̾o fil̃ Alani Iustic̃ Scoc̃. Abb̃e de

217 3244 2200 157 melros. Abb̃e de Cupͦ. Malcolmo comite de Fyf. Dauid de Lindes̃. Ioh̃e de hay

201 3356 710 151 uic̃ de Fyf & aliis.

923 3347 1499 144 de balm᷑ynach ⁊ barry in lib̃ra foresta

279 3437 2129 168 . d̃i gr̃a Rex Scoc̃. om̃ibꝰ ꝓbis hõib tociꝰ t̾re sue salt̃ Sciatis ꝙ ꝯcessimꝰ

235 3534 2203 172 abb̃i ⁊ ꝯuẽtui de Balm᷑yñ. ut t̾ras suaᷤᷤ de Balm᷑yñ ⁊ de Barry habeãt ĩ forestã

215 3645 2195 151 Qͣre fͥmit̾ ꝓhibemꝰ ne quis sine licẽcia eoꝵdẽ ĩ dc̃is t̾ris fecet. aut uenet᷑.

215 3740 2243 215 suꝑ nr̃am plenariã forisfact᷑am decẽ libraꝵ. T̃. Will̃o fil̃. A. senescall̃

2435 3367 119 90 te

2435 3437 171 97 nẽd̃
