3056 4608
812 453 1885 157 moratio in Gargani monte; non minori tripudio celebraretur in pelago.

724 599 1958 176 At sacerdos dum reuoluit illud apl̃i. ꝓbate sp̃s sancti si ex deo sunt; iterata ad

814 778 1891 181 monitus est uisione quo ꝑficeret quod iubebatur. Et quia sp̃s ꝓph̃arũ

806 957 1896 167 non semꝑ est ꝓph̃is subiectus; distulit adhuc presul constructionem. sed

806 1109 1932 180 adhibuit intercessionem; quatinus suꝑ istiusmodi negotio dñi ih̃u xp̃i

804 1277 1955 174 simulq beatisssimi archangl̃i agnoscere ualeret deliberationem. Conti-

801 1456 1940 169 git ꝑ idem tempus; ut taurum cuiusdam quem furtim quidam instinc-

799 1625 1906 172 tu prauitatis subtraxerat. in eiusdem deponeret saxi cacumen; ut dum is

796 1797 1924 166 qui amiserat iuuencum repperiendi amitteret spem. turpe latrunculus

791 1936 1871 188 lucrum efficeret ex eodem. Interea tercia admonitione uenerandus ep̃s

791 2132 1944 163 pulsatur austerius. apparente in eiusdem presulis capite usq in hodiernũ

794 2286 1888 154 diem in testimonio foramine;  ut qui non adquieuerat bis admonitus.

799 2439 1952 194 locum adiret celerius; a quo tamen se sciret egrediendum nullatenus prius-

793 2619 1948 186 quam ꝑficeret quod fuerat iussus. Ad cuius fidei confirmationem mons-

796 2805 1907 159 tratur etiam ibidem usq in presens petra quasi digito hominis inscripta;

794 2946 1880 191 suꝑ quam memoratus ep̃s resedit. quo at usq opus ad finem adduxit. Per

796 3117 1891 192 cunctanti gͥ ep̃o qui edificationi congruus posset uideri locus. angl̃ica

799 3302 1954 160 in hunc modum est responsione dictatum; ut loco eo ędificaretur ędes.

794 3452 1988 190 quo inerat taurus abscondite religatus. Cunq de loci requireret ampli-
