3096 4592
349 479 1922 117 tudine uel quantitate: eisdem cognouit responsis. edificationi eum deb̾e

344 617 1904 178 statuere modum. quem uideret iuuencum in circuitu pedibus ꝓtriuisse.

283 765 1960 189 Post hȩc quoq iussum est: ut suo prereptus dominio. restitueretur taurus.

265 956 2006 143 Uenerabilis uir domini AUTBERTUS de angl̃ica uisione iam tercio sibi data

344 1135 2008 165 factus certissimus. cum ymnis et laudib predictum locum ingressus. exerce-

349 1280 1945 161 re imperatum opus aggressus est: congregataq rusticorum maxima multi

347 1420 1924 187 tudine locum purgauit. atq in spatium complanauit. In cuius medio duae

344 1619 1968 180 preminebant rupes: quas oꝑantium multorum mouere non poterant ma-

349 1775 1955 186 nus. nec a suo diuellere statu. Qui cum diu hererent. nec omnino quid fa-

344 1954 1942 173 cerent haberent: nocte insecuta uisio apparuit cuidam homini nomine

344 2119 1945 172 BAINO. in uilla quȩ dicitur itius: qui duodecim filiis ampliatus. magnum

347 2247 1960 213 inter suos tenebat dignitatis locum. Hic gͦ ꝑ uisum monitus ut cum labo

352 2438 1989 161 rantib & ipse labori insisteret. festinus ad locum cum filiis uenit: impleturꝰ

357 2614 1952 175 quod fuerat iussus. Qui cum ꝑuenisset: quod humana non poterat uirtus.

348 2778 1951 174 mirum in modum tam facile molem tante magnitudinis remouit: ut nullũ

359 2938 1948 181 pondus inibi esse uideretur. At omnes in commune collaudantes dm̃ sc̃mq

357 3099 2015 196 archangl̃m MICHAELEM: cepto attentius insistebant oꝑi. De extructi-

354 3267 1948 193 one sacre basilice. Dum uir domini AUTBERTUS de magnitudine cons-

362 3436 1940 189 truende basilicȩ adhuc dubius cogitaret: nocte media sicuti quondã
