3773 4000
1262 764 1574 134 ad celestia translatꝭ eoꝵ corpora in eccl̃ia de ꝑsora quam

1267 846 1556 140 plurimis possessionib amplificauerunt sunt sepulta

1269 946 1589 148 et quia. Do. dux ibidem monachicũ habitũ induxit

1278 1034 1545 149 Isti p̾fati duces habuerunt quendam frem̃ noĩe

1265 1135 1586 167 Almaricũ cuiꝰ corpus fuit sepultũ aput derherst

1268 1253 1564 144 in parua capella contra portam prioratus ib̃m

1273 1333 1574 171 quia capella illa aliquando fuit aula Regia Ibi

1278 1433 1550 163 monstratur sepulcrũ uꝰ usq in hodiernũ ubi scribit̃

1269 1553 1539 162 in pariete supͣ hostiũ hanc regiam aulam. Do.

1271 1640 1542 162 dux consecratã fecit eccl̃iam ad honorẽ bt̃e mͤ

1280 1748 1564 167 uirginis ob amorẽ fr̃is sui almarici Post mortẽ

1278 1865 1528 148 istoꝵ ꝑ uaria belloꝵ strage mercioꝵ principes

1271 1955 1563 135 ac tocius regni nobiliores ꝑ plurimos annos sũt

1278 2051 1498 164 attriti ut in ceteris insule regionib qui tunc

1285 2142 1554 183 temporis uiiͭ ͤrᷠeͥgionib subiacebat Quia nullꝰ

1287 2248 1503 156 eoꝵ solus monarcha in tota Brittãnia extitit

1296 2356 1572 150 usq ad tempora Adelstani regis qui primꝰ mona-

1291 2455 1590 145 rcha fuit manifeste claret constigisse unde for-

1291 2555 1439 148 tuna uariante ⁊ regnoꝵ fastigi sub rota

1305 2664 1520 143 uolubili lamẽtabiliter subuertente quis cui

1318 2768 1345 154 per illa ꝑiculosa tempora in huiꝰ eccl̃ie
