3773 4000
1250 633 1715 223 Anno dm̃ DCCC floruit in mercia hugo magnus dux

1264 776 1701 194 mercioꝵ ⁊ patronus pͥoratus tewkẽ qui aͦ p̾dicto sepelliuit

1274 883 1671 190 regem Brihtricũ west saxonũ in prioratu suo Tewkysbure

1285 1002 1645 188 in capella sc̃e ffidis uirginis qͥ postea obiit ⁊ ip̃e anno

1273 1091 1626 180 dm̃ DCCC xiiͦ ⁊ sepultus in eodem pͥoratu suo ...

1266 2251 1624 123 Circa annũ gr̃e DCCCCxxx sub indito ⁊ pm̃o monar-

1244 2323 1634 159 cha adelstano miles quidam nobilis haywardus meaw

1238 2424 1621 170 dictus ꝓpter albudinem ex illustͥ ꝓsapia regis edwardi

1233 2522 1668 183 senioris ortus claruit uir quidem armis strenuꝰ honorib

1238 2626 1683 190 pollens animi q prestans fide stabilis Qui sui finis

1230 2740 1675 158 non immemoꝵ ꝓ se ac sue coniuge noĩe algiue tẽporib

1240 2842 1730 175 regis ethelredi ⁊ sc̃i dunstani archiep̃i paruũ monast̾iũ
