3741 4000
597 939 1724 185 Rollo cũ exercitu suo carnotencẽ ciuitatẽ obcedit s

640 1059 1632 141 ep̃s eiusdem urbis Waltelmꝰ noĩe vir religiosissimꝰ

588 1166 1643 97 Ricardͫ burgũdie ducẽ et Ebalũ pictanẽcem comitẽ

630 1236 1553 128 suo auxilio ꝓuocant Tunicã sc̃e marie virginis

615 1303 1596 163 In manib ferent. Rolonẽ ducem diuĩo nutu fugauit

602 1390 843 137 Et sic civitatem liberauit

712 1475 1533 128 De predicto Will̃mo longispy. Richardꝰ dux. Robertus

584 1566 1641 91 archiep̃s rotomagͥ Maugerus comes Curbibenc̃ Alanus

609 1642 1620 114 et edmũdꝰ duces. Will̃mꝰ comes de angy. Emma Regina

611 1720 1596 115 anglie uxor Ethelredi Regis anglie: De p̾dc̃o Richardo

596 1800 1614 103 duce pͥmogenito. Nicholaus abbas audocm. Robertus

592 1863 1577 118 Dux. Will̃mꝰ monachus alic̃ cõitissa burgundie.

570 1940 1697 111 Tercia obiit Iuuenis. De predc̃is Rege Ethelred̃ et Em-

611 2010 1631 147 ma Regina. Sc̃s Edwardꝰ confessor et Rex anglie qui ha-

611 2090 1609 145 buit duas sorores quarũ unã haroldꝰ duxit in uxorẽ

1104 2180 1136 93 noĩe. Et alteram sororem Elenã noĩe

593 2231 1612 131 ꝑ quã Robertꝰ secũdꝰ dux Nor̃e. genuit Will̃m bastard

591 2313 1696 138 extͣ matͥmoniũ qui Will̃ms postea legittimꝰ fuit ꝑ sequẽs

586 2387 1676 133 matͥmoniũ P̾dc̃tꝰ Will̃mꝰ bastard postea ex ꝑte ma-

586 2446 1607 156 tris sue fuit conquestor et Rex anglie. Et regnauit
