5209 6471
622 3846 1349 151 ec est finalis concordia fc̃a in Cur̃

642 3952 1274 140 dñi Regis apd Oxoñ die lune

388 4047 1558 173 ꝓx̃ post f̃m Apl̃oꝵ Petri ⁊ pauli Anno

399 4157 1501 162 regni regis henr̃ fil̃ Regis Ioh̃is xixͦ

402 4260 1490 129 corã Abb̃e de Abendoñ. Will̃mo de

392 4375 1482 143 Eboꝵ Rad̃ de Norwyc̃. Will̃mo de

392 4493 1575 137 Insula ⁊ Rob̃to de Dumary Iustic̃ itin̾

395 4583 1554 148 ant̃ ⁊ aliis dñi Regis fidelib tũc ibi p̾

395 4684 1464 136 sentib int̾ Eliam Priorẽ sc̃e ffrid̃

395 4795 1605 148 Oxoñ petentẽ ⁊ ffeliciã Bolle tenentẽ

395 4892 1601 155 de dimid̃ hida terre cũ ꝑtiñ in hedindoñ

388 5011 1586 147 unde recogñ magñ Assie sũm̃ fuit int̾

395 5119 1601 140 eos in eadẽ Cur̃. scil̃t qd̵ prefata Alicia

417 5219 1521 166 recognouit totã predc̃am terrã cũ ꝑtiñ

413 5338 1619 194 ẽẽ ius ip̃ius Poris ⁊ eccl̃ie sue sc̃e ffrid̃

2147 557 1522 176 quiet̃ clam̃ de se ⁊ hered̃ suis eidẽ Pͥori

2154 686 1551 158 ⁊ succ̃ suis ⁊ eccl̃ie sue predc̃e totũ ius ⁊

2151 801 1518 148 clamiũ quod habuit in tota terra predc̃a

2147 909 1529 133 cũ ꝑtiñ imꝑpet̃. Et ꝓ hac recogñ reddicõne

2158 1017 1547 151 remissione quiet̃  clamanc̃ fine ⁊ concordia

2154 1128 1572 148 idem Pͥor dedit ⁊ concessit predc̃e ffelic̃

2144 1233 1518 151 unũ messuag̃ ⁊ unã uirgatã terre quã

2147 1340 1518 159 Nich̃us ꝑsona de Elsefeld quondã te

2133 1455 1529 155 nuit habend̃ ⁊ tenend̃ eidẽ felic̃ et he

2154 1571 1540 133 red̃ suis de predc̃o pͥore ⁊ succ̃ suis et

2154 1675 1515 147 eccl̃ia predc̃a imꝑpet̃. Reddendo inde ã

2154 1783 1558 147 nuatĩ duo solid̃ ad duos terminos anni

2151 1890 1557 137 scil̃t medietatẽ ad ãnũciacõni b̃e marie

2158 1998 1550 137 et alt̾am medietatẽ ad f̃m sc̃i mich̃is

2147 2095 1536 133 et faciend̃ capitl̃ib dñis feodi illius for

2144 2200 1568 154 insecũ s̾uic̃ quãtũ ad predict̃ messuagiũ

2147 2304 1612 158 et predc̃am uirgatã terre ꝑtin pro om̃i

2147 2415 1583 155 s̾uic̃o ⁊ exaccõne

2557 273 543 201 ¶hedindoñ
