5190 6585
1739 2494 1371 137 Balehorn intuitu dĩ et ꝓ salute aĩe mee

1471 2601 1577 135 dedi concessi ⁊ hac carta mea  confirmaui dõ et

1478 2710 1596 141 eccl̃ie sc̃e ffrid̃ Oxoñ ⁊ cañ ib̃m dõ ẜuientib

1475 2813 1657 146 presentib ⁊ futuris in lib̃am ⁊ ꝑpetuã elemosinã

1478 2915 1556 161 om̃es terras ⁊ redditꝰ cũ ꝑtĩn inferiꝰ noĩatos

1475 3036 1529 141 scil̃t duas acras que iacent in campo quod

1478 3138 1622 150 appellat᷑ Bradmore iuxͣ terrã Abb̃isse de Godestow

1467 3272 1585 130 ex ꝑte aquilonari. Et unã acrã que appellat᷑ ha

1475 3366 1560 148 uedacre que iacet in campo Bradmore ⁊ totã

1471 3460 1614 158 terrã arabl̃em que fuit Rog̾i wat̾mã que iacet

1467 3596 1600 131 int̾ terrã que fuit Semeri ⁊ Newedich de feodo

1466 3683 1626 151 Abb̃isse de Godestowe ⁊ totã terrã quã Osmũdꝰ

1475 3804 1584 146 molendinariꝰ tenuit de me que iacet int̾ ter

1478 3914 1590 156 rã Thome filii Walt̾i ⁊ terrã Alexandͥ ce-

1478 4013 1559 168 mẽtarii. saluo feodo dc̃i Osmũdi sibi ⁊ he-

1475 4122 1566 150 red̃ suis. Et decẽ buttos terre arabl̃is qui ia-

1471 4225 1607 168 cẽt iuxͣ buttos qui fuerũt quõdã Simonis Se-

1475 4360 1515 131 mer ⁊ tres acras quaꝵ una extendit us

1464 4444 1548 164 ad capitl̃em acrã que uocat᷑ heuedacr̃. et

1460 4554 1588 165 due acre que se extendũt ĩ capitl̃em acrã pre-

1456 4660 1543 172 dc̃am que fuerũt de feodo Astil merchaunt

1460 4777 1548 170 et duos buttos qui iacẽt retro aulã dñi Re-

1456 4887 1600 183 gis cũ edificiis suꝑedificatis ⁊ dimid̃ acrã ib̃m

1456 5000 1585 165 cũ dimidio edificio h̃end̃ ⁊ tenend̃ lib̃e ⁊ qui

1453 5125 1606 161 ete pacifice ⁊ integre sibi. ⁊ succ̃ suis sicut me.

1449 5257 1646 182 is assignatis reddend̃ ꝓ dc̃is teñ s̾uicia que

3304 307 1551 210 in cartis donatoꝵ quas de dc̃is h̃ui ⁊ eisdẽ assigna-

3290 464 1545 146 tis lib̃aui pleniꝰ cõtinent᷑. Et ego Simon ⁊ heredes

3297 561 1483 153 mei om̃ia predc̃a teñ cũ ꝑtĩn suis predc̃is cañ

3294 665 1533 154 contͣ om̃es hoĩes ⁊ feĩas warantizabimꝰ imꝑ-

3297 786 1514 146 petuũ. Et hanc donacõm ⁊ warantizacõm feci

3290 899 1526 165 dc̃is cañ anno r̃r̃ henrici filii regis Ioh̃is ui-

3289 1034 1435 140 cesimo quĩto mense april̃. hiis testib ⁊cͣ
