<?xml version="1.0" encoding="UTF-8"?>
<alto xmlns:xsi="http://www.w3.org/2001/XMLSchema-instance"
      xmlns="http://www.loc.gov/standards/alto/ns-v4#"
      xsi:schemaLocation="http://www.loc.gov/standards/alto/ns-v4# http://www.loc.gov/standards/alto/v4/alto-4-2.xsd">
  <Description>
    <MeasurementUnit>pixel</MeasurementUnit>
    <sourceImageInformation>
      <fileName>Frideswide_320.pdf_page_1.jpg</fileName>
      <fileIdentifier>mets//cca-dc-vi-1.zip/Frideswide_320.pdf_page_1.jpg</fileIdentifier>
    </sourceImageInformation>
  </Description>
  
  <Tags>
    <OtherTag ID="BT14868" LABEL="DropCapitalZone" DESCRIPTION="block type DropCapitalZone"/><OtherTag ID="BT14869" LABEL="MainZone" DESCRIPTION="block type MainZone"/><OtherTag ID="BT14870" LABEL="MarginTextZone" DESCRIPTION="block type MarginTextZone"/><OtherTag ID="BT14871" LABEL="NumberingZone" DESCRIPTION="block type NumberingZone"/><OtherTag ID="BT14872" LABEL="RunningTitleZone" DESCRIPTION="block type RunningTitleZone"/><OtherTag ID="BT14873" LABEL="DigitizationArtefactZone" DESCRIPTION="block type DigitizationArtefactZone"/>
    <OtherTag ID="LT6264" LABEL="DefaultLine" DESCRIPTION="line type DefaultLine"/><OtherTag ID="LT6265" LABEL="HeadingLine" DESCRIPTION="line type HeadingLine"/><OtherTag ID="LT6284" LABEL="default" DESCRIPTION="line type default"/>
  </Tags>
  
  <Layout>
    <Page WIDTH="5196"
          HEIGHT="6585"
          PHYSICAL_IMG_NR="1"
          ID="eSc_dummypage_">
      <PrintSpace HPOS="0"
                  VPOS="0"
                  WIDTH="5196"
                  HEIGHT="6585">
        
        <TextBlock HPOS="1415"
                   VPOS="388"
                   WIDTH="216"
                   HEIGHT="152"
                   ID="eSc_textblock_f7c627cd"
                   TAGREFS="BT14871">
          <Shape><Polygon POINTS="1415 388 1415 540 1631 540 1631 388"/></Shape>
          
          
          <TextLine ID="eSc_line_2062e20d"
                    TAGREFS="LT6264"
                    BASELINE="1463 464 1610 457" 
                    HPOS="1456"
                    VPOS="384"
                    WIDTH="154"
                    HEIGHT="135">
            <Shape><Polygon POINTS="1456 384 1463 464 1463 519 1610 515 1610 457 1602 395 1463 384 1456 384"/></Shape>
	    <String CONTENT="320"
                    HPOS="1456"
                    VPOS="384"
                    WIDTH="154"
                    HEIGHT="135"></String>
          </TextLine>

          
        </TextBlock>
        
        <TextBlock HPOS="1567"
                   VPOS="444"
                   WIDTH="1694"
                   HEIGHT="5012"
                   ID="eSc_textblock_13f1e60f"
                   TAGREFS="BT14869">
          <Shape><Polygon POINTS="1567 492 1567 5456 3166 5456 3261 444"/></Shape>
          
          
          <TextLine ID="eSc_line_7b1651d0"
                    TAGREFS="LT6264"
                    BASELINE="1584 548 2286 508 3183 490" 
                    HPOS="1580"
                    VPOS="279"
                    WIDTH="1603"
                    HEIGHT="333">
            <Shape><Polygon POINTS="3117 435 3081 435 3040 431 3004 431 2967 428 2930 428 2894 424 2857 420 2821 420 2784 417 2748 417 2744 413 2678 428 2656 409 2638 409 2601 409 2583 406 2514 380 2444 354 2386 279 2299 313 2217 420 2213 420 2210 420 2210 424 2188 446 2173 435 2169 435 2166 435 2162 435 2158 435 2155 435 2133 453 2133 457 1580 471 1584 548 1584 581 1660 612 1902 585 2023 563 2082 552 2118 556 2177 567 2180 567 2319 548 2371 541 2378 545 2400 559 2404 559 2407 559 2411 559 2415 559 2418 559 2447 541 2458 534 2777 526 2780 526 2934 548 3034 523 3150 537 3154 537 3157 537 3157 534 3183 504 3183 490 3172 439 3154 439"/></Shape>
	    <String CONTENT="exceptis quatuor solidis ãnuatĩ recipiendis"
                    HPOS="1580"
                    VPOS="279"
                    WIDTH="1603"
                    HEIGHT="333"></String>
          </TextLine>

          
          
          <TextLine ID="eSc_line_269920e3"
                    TAGREFS="LT6264"
                    BASELINE="1580 654 2404 614 3113 603" 
                    HPOS="1577"
                    VPOS="519"
                    WIDTH="1544"
                    HEIGHT="179">
            <Shape><Polygon POINTS="1580 698 1891 691 1895 691 2067 665 2111 662 2134 659 2162 680 2166 680 2169 680 2173 680 2210 662 2217 658 2250 658 2389 673 2393 673 2396 673 2400 673 2426 654 2433 651 2466 651 2630 662 2634 662 2726 640 2740 640 2751 640 2843 658 2846 658 3110 625 3113 603 3121 520 2927 541 2858 545 2776 519 2521 530 2389 537 2385 537 2382 537 2382 541 2374 548 2360 559 2294 552 2239 545 2235 545 2177 556 2129 567 2118 559 2107 548 2104 548 2100 548 2096 548 2038 559 1994 577 1962 581 1918 581 1873 589 1844 587 1784 600 1734 595 1639 616 1577 585 1580 654"/></Shape>
	    <String CONTENT="predc̃is Priori ⁊ con ⁊ succ̃ suis imꝑpetuũ"
                    HPOS="1577"
                    VPOS="519"
                    WIDTH="1544"
                    HEIGHT="179"></String>
          </TextLine>

          
          
          <TextLine ID="eSc_line_7ba1a0d2"
                    TAGREFS="LT6264"
                    BASELINE="1577 760 3117 724" 
                    HPOS="1573"
                    VPOS="639"
                    WIDTH="1544"
                    HEIGHT="151">
            <Shape><Polygon POINTS="1577 790 3113 757 3117 724 3110 654 3070 654 3023 656 3005 648 2985 659 2969 657 2948 654 2920 659 2897 662 2863 665 2835 665 2791 661 2758 649 2721 639 2660 658 2585 661 2506 665 2488 669 2473 665 2409 659 2345 676 2281 662 2213 647 2210 647 2206 647 2166 673 2154 666 2124 657 2065 667 2002 674 1903 699 1823 696 1735 695 1625 698 1573 684 1577 760"/></Shape>
	    <String CONTENT="de duob teñ in Oxoñ uidel̃t de Selda"
                    HPOS="1573"
                    VPOS="639"
                    WIDTH="1544"
                    HEIGHT="151"></String>
          </TextLine>

          
          
          <TextLine ID="eSc_line_fd027ec8"
                    TAGREFS="LT6264"
                    BASELINE="1584 870 2433 834 3117 826" 
                    HPOS="1580"
                    VPOS="735"
                    WIDTH="1537"
                    HEIGHT="172">
            <Shape><Polygon POINTS="1584 907 2550 863 2693 863 3026 867 3029 867 3117 845 3117 826 3110 757 3072 753 2997 746 2923 735 2920 735 2920 738 2916 738 2896 771 2842 762 2821 742 2817 742 2813 742 2810 742 2777 764 2777 768 2696 772 2638 762 2569 762 2473 779 2362 781 2302 794 2271 796 2230 769 2173 757 2121 780 1985 780 1892 801 1814 793 1694 795 1580 801 1584 870"/></Shape>
	    <String CONTENT="que quõdã fuit hugonis de Paum̾ in"
                    HPOS="1580"
                    VPOS="735"
                    WIDTH="1537"
                    HEIGHT="172"></String>
          </TextLine>

          
          
          <TextLine ID="eSc_line_8e1ecb97"
                    TAGREFS="LT6264"
                    BASELINE="1580 976 2422 940 3121 929" 
                    HPOS="1577"
                    VPOS="856"
                    WIDTH="1544"
                    HEIGHT="161">
            <Shape><Polygon POINTS="1580 998 1683 1017 1737 1002 2263 997 2491 973 2715 979 3051 973 3055 973 3059 973 3121 951 3121 929 3113 856 2911 859 2671 877 2437 856 2278 883 2109 873 1968 893 1800 896 1577 885 1580 976"/></Shape>
	    <String CONTENT="Allutaria uiginti ⁊ unũ deñ ad duos ãni"
                    HPOS="1577"
                    VPOS="856"
                    WIDTH="1544"
                    HEIGHT="161"></String>
          </TextLine>

          
          
          <TextLine ID="eSc_line_0c530207"
                    TAGREFS="LT6264"
                    BASELINE="1573 1072 3141 1036" 
                    HPOS="1570"
                    VPOS="969"
                    WIDTH="1566"
                    HEIGHT="144">
            <Shape><Polygon POINTS="1570 1113 3136 1087 3136 1031 3129 969 1575 1011 1570 1070"/></Shape>
	    <String CONTENT="t̾miõs scil̃t ad f̃m b̃e marie et ad festũ"
                    HPOS="1570"
                    VPOS="969"
                    WIDTH="1566"
                    HEIGHT="144"></String>
          </TextLine>

          
          
          <TextLine ID="eSc_line_eb23b6ac"
                    TAGREFS="LT6264"
                    BASELINE="1577 1185 3172 1156" 
                    HPOS="1573"
                    VPOS="1068"
                    WIDTH="1599"
                    HEIGHT="159">
            <Shape><Polygon POINTS="1574 1227 3172 1181 3172 1156 3165 1082 3131 1081 3045 1089 2999 1092 2981 1092 2947 1092 2928 1098 2898 1068 2894 1068 2890 1068 2887 1068 2887 1071 2872 1082 2868 1081 2865 1082 2834 1090 2808 1093 2778 1090 2756 1090 2723 1100 2692 1101 2662 1095 2603 1086 2521 1075 2517 1075 2436 1086 2371 1097 2316 1090 2257 1079 2254 1079 2195 1090 2133 1101 1573 1097 1577 1185"/></Shape>
	    <String CONTENT="b̃i mich̃is ꝑ equales porcõnes. Et de teñ"
                    HPOS="1573"
                    VPOS="1068"
                    WIDTH="1599"
                    HEIGHT="159"></String>
          </TextLine>

          
          
          <TextLine ID="eSc_line_46a45b92"
                    TAGREFS="LT6264"
                    BASELINE="1566 1287 3084 1273" 
                    HPOS="1562"
                    VPOS="1181"
                    WIDTH="1522"
                    HEIGHT="151">
            <Shape><Polygon POINTS="1569 1332 3084 1325 3084 1273 3077 1199 2784 1181 2780 1181 2521 1203 2502 1203 2488 1203 2445 1212 2405 1212 2377 1207 2354 1204 2332 1210 2305 1211 2267 1196 2227 1204 2190 1210 2154 1207 2111 1207 2100 1207 2093 1207 1944 1219 1729 1232 1562 1210 1566 1287"/></Shape>
	    <String CONTENT="quod quondã tenuit Adam Spaldynges"
                    HPOS="1562"
                    VPOS="1181"
                    WIDTH="1522"
                    HEIGHT="151"></String>
          </TextLine>

          
          
          <TextLine ID="eSc_line_677cbd96"
                    TAGREFS="LT6264"
                    BASELINE="1558 1401 3234 1379" 
                    HPOS="1555"
                    VPOS="1291"
                    WIDTH="1686"
                    HEIGHT="173">
            <Shape><Polygon POINTS="3055 1309 3048 1306 3015 1291 3011 1291 3007 1291 3004 1291 3000 1291 3000 1295 2985 1309 2978 1317 2679 1342 2637 1335 2609 1331 2578 1328 2524 1323 2499 1317 2469 1320 2466 1317 2444 1298 2440 1298 2436 1298 2433 1298 2429 1298 2426 1298 2404 1317 2396 1320 2341 1317 2122 1302 2118 1302 2114 1302 2063 1320 2056 1324 2056 1320 2038 1306 2034 1306 2030 1306 1829 1306 1825 1306 1555 1327 1558 1401 1558 1434 1694 1456 1697 1456 1701 1456 1749 1434 1752 1434 1807 1456 1811 1456 1814 1456 1818 1456 1873 1434 1884 1430 1924 1434 2074 1452 2078 1452 2217 1434 2268 1426 2301 1434 2367 1445 2371 1445 2374 1445 2415 1430 2444 1423 2455 1430 2469 1445 2473 1445 2477 1445 2562 1429 2784 1441 2788 1441 2810 1430 2835 1419 2898 1430 2949 1437 2952 1437 2956 1437 2960 1437 2967 1430 3059 1440 3235 1464 3234 1379 3234 1365 3241 1295"/></Shape>
	    <String CONTENT="in ꝑochia b̃e ffrid̃ duos solidos ⁊ tres denar̃"
                    HPOS="1555"
                    VPOS="1291"
                    WIDTH="1686"
                    HEIGHT="173"></String>
          </TextLine>

          
          
          <TextLine ID="eSc_line_0f99873d"
                    TAGREFS="LT6264"
                    BASELINE="1555 1518 3223 1496" 
                    HPOS="1551"
                    VPOS="1420"
                    WIDTH="1673"
                    HEIGHT="144">
            <Shape><Polygon POINTS="1553 1562 3222 1564 3223 1496 3224 1456 3173 1461 3125 1439 3092 1439 3039 1437 2997 1420 2969 1420 2916 1429 2811 1435 2731 1435 2702 1437 2683 1435 2665 1441 2639 1443 2611 1441 2576 1441 2558 1439 2539 1435 2502 1441 2480 1434 2452 1435 2417 1436 2391 1438 2361 1439 2324 1443 2263 1445 2210 1448 2163 1445 2090 1443 1847 1434 1756 1448 1551 1445 1555 1518"/></Shape>
	    <String CONTENT="ad eosdẽ t̾mĩos ꝑ equales porcõnes. Con-"
                    HPOS="1551"
                    VPOS="1420"
                    WIDTH="1673"
                    HEIGHT="144"></String>
          </TextLine>

          
          
          <TextLine ID="eSc_line_9ffbad9f"
                    TAGREFS="LT6264"
                    BASELINE="1547 1627 3117 1609" 
                    HPOS="1547"
                    VPOS="1521"
                    WIDTH="1573"
                    HEIGHT="158">
            <Shape><Polygon POINTS="1547 1660 1664 1679 1668 1679 1672 1679 1675 1679 1675 1675 1694 1660 1694 1657 1895 1653 1906 1657 1924 1671 1928 1671 1932 1671 1935 1671 1939 1671 1986 1657 1997 1653 2012 1657 2107 1675 2111 1675 2114 1675 2118 1675 2151 1653 2155 1653 2158 1653 2217 1671 2221 1671 2224 1671 2228 1671 2305 1653 2458 1671 2462 1671 2466 1671 2469 1671 2469 1668 2491 1649 2495 1646 2510 1649 2601 1668 2605 1668 3113 1638 3117 1609 3120 1542 3049 1545 2966 1538 2908 1550 2859 1548 2838 1543 2813 1536 2780 1521 2777 1521 2773 1521 2769 1521 2766 1521 2728 1556 2700 1553 2637 1561 2596 1561 2558 1561 2530 1559 2511 1554 2479 1553 2448 1554 2419 1551 2387 1557 2351 1557 2325 1555 2284 1560 2243 1559 2199 1554 2158 1532 2118 1529 2114 1529 2111 1529 2093 1532 2019 1551 1946 1532 1943 1532 1939 1532 1935 1532 1932 1532 1928 1532 1906 1551 1856 1552 1773 1558 1738 1563 1703 1566 1670 1548 1592 1550 1557 1545 1547 1627"/></Shape>
	    <String CONTENT="sil̃i modo predc̃a Abb̃issa de Godestowe"
                    HPOS="1547"
                    VPOS="1521"
                    WIDTH="1573"
                    HEIGHT="158"></String>
          </TextLine>

          
          
          <TextLine ID="eSc_line_5e362136"
                    TAGREFS="LT6264"
                    BASELINE="1547 1726 3205 1701" 
                    HPOS="1544"
                    VPOS="1613"
                    WIDTH="1661"
                    HEIGHT="175">
            <Shape><Polygon POINTS="1551 1788 1628 1759 1697 1785 1701 1785 1705 1785 1708 1785 1719 1785 1840 1756 2114 1770 2250 1777 2254 1777 2319 1763 2378 1752 2418 1759 2473 1774 2477 1774 2480 1774 2499 1756 2488 1774 2506 1759 2521 1748 2572 1756 2667 1770 2671 1770 2674 1770 2718 1752 2726 1748 2769 1748 2945 1759 2949 1759 2952 1759 2956 1759 2978 1741 2982 1741 2989 1741 3081 1763 3084 1763 3088 1763 3091 1763 3091 1759 3117 1737 3121 1737 3201 1737 3205 1701 3194 1613 3040 1620 3037 1620 2956 1649 2883 1624 2876 1620 2872 1620 2868 1620 2865 1620 2854 1624 2766 1649 2590 1631 2491 1624 2488 1624 2484 1624 2480 1624 2462 1638 2429 1657 2367 1642 2345 1635 2341 1635 2338 1635 2334 1635 2330 1635 2323 1642 2297 1657 2162 1646 2071 1642 2067 1642 2016 1653 1975 1660 1939 1657 1803 1635 1800 1635 1544 1668 1547 1726"/></Shape>
	    <String CONTENT="⁊ eiusdẽ loci con ꝓ se ⁊ suis succ̃ dimiserũt"
                    HPOS="1544"
                    VPOS="1613"
                    WIDTH="1661"
                    HEIGHT="175"></String>
          </TextLine>

          
          
          <TextLine ID="eSc_line_41994231"
                    TAGREFS="LT6264"
                    BASELINE="1540 1829 3227 1818" 
                    HPOS="1540"
                    VPOS="1717"
                    WIDTH="1715"
                    HEIGHT="167">
            <Shape><Polygon POINTS="1540 1829 1540 1869 1964 1884 1968 1884 2104 1865 2155 1858 2162 1865 2180 1880 2184 1880 2188 1880 2191 1880 2195 1880 2228 1862 2232 1862 2239 1862 2301 1880 2305 1880 2308 1880 2312 1880 2382 1862 2400 1858 2422 1862 2521 1880 2524 1880 2802 1858 2850 1854 2879 1858 3044 1876 3048 1876 3051 1876 3055 1876 3081 1854 3223 1854 3227 1818 3255 1717 2996 1756 2949 1730 2938 1726 2934 1726 2841 1750 2779 1741 2731 1738 2682 1764 2652 1768 2632 1774 2602 1772 2577 1775 2559 1763 2536 1760 2494 1757 2422 1770 2371 1768 2309 1759 2211 1784 2023 1745 2019 1745 1968 1756 1928 1763 1910 1756 1873 1741 1869 1741 1866 1741 1862 1741 1825 1759 1814 1763 1800 1759 1760 1745 1756 1745 1752 1745 1749 1745 1745 1745 1723 1759 1716 1766 1555 1766 1540 1807"/></Shape>
	    <String CONTENT="concesserũt ⁊ om̃o quiete clamau̾ũt imꝑpetuũ"
                    HPOS="1540"
                    VPOS="1717"
                    WIDTH="1715"
                    HEIGHT="167"></String>
          </TextLine>

          
          
          <TextLine ID="eSc_line_a01669d2"
                    TAGREFS="LT6264"
                    BASELINE="1536 1942 3205 1935" 
                    HPOS="1533"
                    VPOS="1851"
                    WIDTH="1672"
                    HEIGHT="142">
            <Shape><Polygon POINTS="1536 1942 1536 1986 2769 1993 2773 1993 2777 1993 2780 1993 2799 1975 2802 1975 2832 1975 3033 1993 3037 1993 3201 1971 3205 1935 3194 1862 2711 1873 2704 1865 2689 1854 2689 1851 2685 1851 2682 1851 2495 1851 2491 1851 2488 1851 2484 1851 2466 1869 2458 1876 2363 1876 2334 1869 2228 1854 2224 1854 2147 1873 2122 1876 2093 1873 1983 1854 1979 1854 1975 1854 1924 1873 1917 1876 1910 1873 1855 1854 1851 1854 1847 1854 1653 1876 1624 1854 1621 1854 1617 1854 1613 1854 1610 1854 1533 1873 1536 1942"/></Shape>
	    <String CONTENT="ut in escambiũ predc̃m predc̃is Priori ⁊ con"
                    HPOS="1533"
                    VPOS="1851"
                    WIDTH="1672"
                    HEIGHT="142"></String>
          </TextLine>

          
          
          <TextLine ID="eSc_line_d052f0ba"
                    TAGREFS="LT6264"
                    BASELINE="1540 2063 3205 2045" 
                    HPOS="1536"
                    VPOS="1957"
                    WIDTH="1687"
                    HEIGHT="157">
            <Shape><Polygon POINTS="1540 2063 1540 2092 1588 2114 1591 2114 1595 2114 1822 2096 1862 2114 1866 2114 1869 2114 1873 2114 1877 2114 1910 2092 2144 2110 2147 2110 2257 2088 2495 2107 2499 2107 2502 2107 2546 2088 2806 2070 2845 2088 3026 2081 3168 2099 3172 2099 3176 2099 3179 2099 3205 2077 3205 2045 3223 1963 3135 1979 2985 1960 2934 1957 2930 1957 2927 1957 2923 1957 2916 1964 2890 1982 2630 1982 2587 1971 2546 1960 2543 1960 2539 1960 2535 1960 2502 1975 2466 1986 2378 1975 2265 1964 2261 1964 2140 1982 2082 1990 2030 1986 1869 1968 1866 1968 1661 1990 1580 1971 1577 1971 1573 1971 1569 1971 1566 1971 1551 1979 1536 2012"/></Shape>
	    <String CONTENT="b̃e ffrid̃ ⁊ eoꝵ succ̃ sex solid̃ ⁊ octo denar̃"
                    HPOS="1536"
                    VPOS="1957"
                    WIDTH="1687"
                    HEIGHT="157"></String>
          </TextLine>

          
          
          <TextLine ID="eSc_line_261115bb"
                    TAGREFS="LT6264"
                    BASELINE="1540 2176 3172 2165" 
                    HPOS="1536"
                    VPOS="2066"
                    WIDTH="1636"
                    HEIGHT="161">
            <Shape><Polygon POINTS="1540 2205 1580 2227 1584 2227 1588 2227 1716 2205 1723 2205 1727 2205 1807 2227 1801 2217 1814 2227 1818 2227 1822 2227 1851 2209 1877 2227 1880 2227 1884 2227 1888 2227 1891 2227 1950 2209 2078 2227 2082 2227 2243 2202 2261 2202 2279 2202 2411 2224 2415 2224 2418 2224 2422 2224 2451 2202 2466 2202 2608 2224 2612 2224 2737 2202 2789 2207 2769 2202 2795 2220 2799 2220 2802 2220 2806 2218 3168 2198 3172 2165 3168 2096 3106 2066 3102 2066 2941 2066 2938 2066 2934 2066 2930 2066 2930 2070 2905 2096 2865 2111 2813 2076 2759 2081 2722 2066 2718 2066 2648 2102 2610 2094 2604 2091 2564 2088 2517 2094 2482 2123 2433 2115 2401 2106 2365 2097 2315 2115 2278 2109 2239 2105 2158 2104 2048 2110 1959 2104 1904 2095 1836 2099 1785 2081 1764 2105 1669 2099 1536 2103 1540 2176"/></Shape>
	    <String CONTENT="quos Ioh̃es Payn de knyghington p̾-"
                    HPOS="1536"
                    VPOS="2066"
                    WIDTH="1636"
                    HEIGHT="161"></String>
          </TextLine>

          
          
          <TextLine ID="eSc_line_6233e738"
                    TAGREFS="LT6264"
                    BASELINE="1536 2290 3132 2271" 
                    HPOS="1533"
                    VPOS="2180"
                    WIDTH="1599"
                    HEIGHT="164">
            <Shape><Polygon POINTS="1536 2326 1780 2319 1792 2323 1844 2344 1847 2344 1851 2344 2301 2319 2444 2337 2447 2337 2451 2337 2455 2337 2491 2312 2499 2304 2846 2304 2872 2326 2872 2330 2876 2330 2879 2330 2883 2330 2887 2330 2949 2304 3051 2330 3055 2330 3059 2330 3062 2330 3132 2297 3132 2271 3124 2202 3070 2208 3012 2190 2978 2198 2955 2208 2900 2196 2843 2212 2813 2215 2747 2210 2652 2205 2583 2180 2579 2180 2576 2180 2526 2221 2474 2221 2430 2212 2417 2223 2388 2207 2346 2200 2321 2190 2267 2195 2224 2203 2180 2210 2134 2211 2081 2236 2063 2243 2041 2240 2018 2237 1994 2229 1983 2231 1972 2224 1953 2184 1918 2209 1906 2221 1867 2206 1825 2218 1810 2221 1769 2214 1739 2209 1717 2205 1685 2197 1631 2187 1628 2187 1624 2187 1533 2213 1536 2290"/></Shape>
	    <String CONTENT="dc̃e Abb̃isse ⁊ eiusdẽ loci cõuentui solu̾e"
                    HPOS="1533"
                    VPOS="2180"
                    WIDTH="1599"
                    HEIGHT="164"></String>
          </TextLine>

          
          
          <TextLine ID="eSc_line_f675fd16"
                    TAGREFS="LT6264"
                    BASELINE="1544 2392 3187 2381" 
                    HPOS="1540"
                    VPOS="2297"
                    WIDTH="1647"
                    HEIGHT="143">
            <Shape><Polygon POINTS="1544 2421 1855 2440 1858 2440 1939 2421 1946 2421 1953 2421 2005 2440 2008 2440 2012 2440 2016 2440 2074 2421 2093 2418 2111 2421 2166 2436 2169 2436 2173 2436 3183 2418 3187 2381 3176 2308 2780 2319 2759 2312 2718 2297 2715 2297 2711 2297 2641 2312 2601 2323 2568 2315 2524 2301 2521 2301 2517 2301 2513 2301 2510 2301 2495 2315 2484 2326 2416 2299 2352 2319 2272 2301 2268 2301 2265 2301 2202 2319 2191 2323 2184 2319 2158 2308 2155 2308 2151 2308 1950 2343 1865 2315 1796 2326 1716 2304 1712 2304 1708 2304 1540 2326 1544 2392"/></Shape>
	    <String CONTENT="consueuit. Et octodecim denar̃ quos Ball̃i"
                    HPOS="1540"
                    VPOS="2297"
                    WIDTH="1647"
                    HEIGHT="143"></String>
          </TextLine>

          
          
          <TextLine ID="eSc_line_4fc8e0de"
                    TAGREFS="LT6264"
                    BASELINE="1540 2509 3150 2498" 
                    HPOS="1536"
                    VPOS="2407"
                    WIDTH="1614"
                    HEIGHT="157">
            <Shape><Polygon POINTS="1540 2549 1869 2564 1873 2564 1877 2564 1880 2564 1906 2546 1917 2542 1961 2546 2082 2560 2085 2560 2224 2542 2272 2538 2283 2542 2312 2557 2316 2557 2319 2557 2323 2557 2360 2542 2367 2538 2374 2542 2400 2560 2404 2560 2407 2560 2411 2560 2535 2538 2554 2538 2579 2538 2795 2557 2799 2557 2802 2557 2806 2557 2832 2535 2835 2535 2850 2535 2963 2557 2967 2557 3146 2531 3150 2498 3143 2407 3081 2412 3032 2412 2997 2439 2875 2442 2858 2436 2806 2436 2780 2414 2777 2410 2773 2410 2769 2410 2766 2410 2762 2410 2759 2410 2755 2414 2722 2436 2539 2436 2491 2421 2447 2410 2444 2410 2440 2410 2436 2410 2433 2410 2433 2414 2422 2421 2411 2436 2389 2425 2371 2414 2367 2414 2169 2410 2166 2410 2162 2410 2089 2432 2056 2440 2038 2432 1994 2414 1990 2414 1986 2414 1983 2414 1979 2414 1953 2436 1950 2440 1932 2436 1862 2414 1858 2414 1855 2414 1851 2414 1847 2414 1847 2418 1825 2440 1708 2433 1536 2443 1540 2509"/></Shape>
	    <String CONTENT="extͣ portã borialẽ Oxoñ reciꝑre consueu̾-"
                    HPOS="1536"
                    VPOS="2407"
                    WIDTH="1614"
                    HEIGHT="157"></String>
          </TextLine>

          
          
          <TextLine ID="eSc_line_a3fbe615"
                    TAGREFS="LT6264"
                    BASELINE="1544 2630 3252 2615" 
                    HPOS="1540"
                    VPOS="2524"
                    WIDTH="1712"
                    HEIGHT="161">
            <Shape><Polygon POINTS="1544 2670 1961 2685 1964 2685 2041 2674 2104 2663 2151 2674 2184 2681 2188 2681 2191 2681 2195 2681 2210 2674 2232 2663 2389 2674 2458 2677 2462 2677 2488 2674 2572 2659 2656 2674 2678 2677 2682 2677 2715 2674 2854 2655 2872 2670 2872 2674 2876 2674 2879 2674 2885 2677 3249 2677 3252 2615 3245 2549 3088 2524 3084 2524 3081 2524 3033 2549 3029 2553 2927 2553 2927 2549 2898 2527 2898 2524 2894 2524 2890 2524 2821 2524 2817 2524 2813 2524 2810 2524 2766 2553 2762 2553 2755 2553 2652 2527 2393 2527 2389 2527 2243 2531 2239 2531 2235 2531 2199 2557 2195 2560 2063 2560 2063 2557 2034 2535 2030 2535 2027 2535 2023 2535 2019 2535 1964 2560 1957 2564 1540 2564 1544 2630"/></Shape>
	    <String CONTENT="ũt ꝓ terra que quõdã fuit Dionis̃ Burwald̃"
                    HPOS="1540"
                    VPOS="2524"
                    WIDTH="1712"
                    HEIGHT="161"></String>
          </TextLine>

          
          
          <TextLine ID="eSc_line_c8573b93"
                    TAGREFS="LT6264"
                    BASELINE="1547 2747 3165 2736" 
                    HPOS="1544"
                    VPOS="2648"
                    WIDTH="1629"
                    HEIGHT="143">
            <Shape><Polygon POINTS="1547 2787 1834 2775 2008 2787 2060 2791 2063 2791 2067 2791 2071 2791 2074 2787 2107 2769 2144 2787 2147 2787 2151 2787 2155 2787 2221 2769 2283 2787 2286 2787 2290 2787 2294 2787 2297 2787 2301 2787 2327 2765 2762 2783 2766 2783 2865 2765 3161 2783 3165 2736 3173 2662 3131 2668 3085 2668 3018 2672 2908 2683 2804 2657 2682 2648 2678 2648 2674 2648 2616 2666 2572 2648 2568 2648 2565 2648 2561 2648 2521 2670 2279 2670 2133 2648 2129 2648 2125 2648 2049 2670 1949 2687 1803 2672 1668 2678 1544 2674 1547 2747"/></Shape>
	    <String CONTENT="ꝑ ãnũ ad f̃m b̃e marie in marcõ. Et sex"
                    HPOS="1544"
                    VPOS="2648"
                    WIDTH="1629"
                    HEIGHT="143"></String>
          </TextLine>

          
          
          <TextLine ID="eSc_line_25615eeb"
                    TAGREFS="LT6264"
                    BASELINE="1547 2849 3135 2849" 
                    HPOS="1544"
                    VPOS="2758"
                    WIDTH="1591"
                    HEIGHT="139">
            <Shape><Polygon POINTS="1544 2894 3132 2897 3135 2849 3135 2783 2850 2758 2846 2758 2843 2758 2799 2780 2795 2780 2780 2780 2645 2758 2641 2758 2638 2758 2587 2776 2576 2780 2572 2776 2550 2758 2546 2758 2556 2769 2435 2767 2379 2762 2336 2762 2301 2785 2218 2780 2173 2780 2147 2773 2093 2758 2089 2758 2085 2758 2023 2773 1979 2780 1547 2769 1547 2849"/></Shape>
	    <String CONTENT="denar̃ quos dc̃i Balliui solebant reciꝑe ꝑ"
                    HPOS="1544"
                    VPOS="2758"
                    WIDTH="1591"
                    HEIGHT="139"></String>
          </TextLine>

          
          
          <TextLine ID="eSc_line_fe3e409d"
                    TAGREFS="LT6264"
                    BASELINE="1555 2959 3154 2944" 
                    HPOS="1551"
                    VPOS="2853"
                    WIDTH="1603"
                    HEIGHT="150">
            <Shape><Polygon POINTS="2952 2853 2949 2853 2949 2857 2927 2875 2879 2857 2876 2857 2872 2857 2868 2857 2810 2875 2759 2853 2755 2853 2751 2853 2561 2879 2475 2890 2389 2857 2385 2857 2330 2873 2259 2882 2151 2874 2147 2860 2144 2860 2140 2860 2140 2864 2118 2882 2041 2881 1983 2893 1934 2892 1877 2899 1847 2899 1833 2901 1781 2893 1739 2901 1709 2891 1668 2871 1664 2871 1551 2890 1555 2959 1555 2985 1822 3003 1825 3003 1829 3003 1833 3003 1855 2985 1950 2999 1953 2999 2151 2981 2217 2996 2221 2999 2224 2999 2356 2977 2360 2977 2363 2977 2382 2996 2385 2996 2389 2996 2393 2999 2733 2999 2733 2996 2737 2996 2740 2996 2740 2992 2744 2992 2759 2974 3015 2992 3018 2992 3154 2966 3154 2944 3146 2879 2960 2853 2956 2853"/></Shape>
	    <String CONTENT="ãnũ ad eundẽ t̾m̃ ꝓ hauedacr̃. Et septẽ"
                    HPOS="1551"
                    VPOS="2853"
                    WIDTH="1603"
                    HEIGHT="150"></String>
          </TextLine>

          
          
          <TextLine ID="eSc_line_f398f129"
                    TAGREFS="LT6264"
                    BASELINE="1544 3062 3150 3062" 
                    HPOS="1544"
                    VPOS="2971"
                    WIDTH="1606"
                    HEIGHT="160">
            <Shape><Polygon POINTS="1544 3062 1544 3091 1628 3116 1631 3116 1635 3116 1639 3116 1697 3102 1712 3108 1723 3127 1727 3127 1730 3127 1734 3127 1738 3127 1796 3098 1825 3124 1829 3124 1833 3124 1836 3124 2005 3094 2049 3116 2052 3116 2056 3116 2060 3116 2089 3102 2140 3127 2144 3127 2147 3131 2301 3131 2301 3127 2305 3127 2308 3127 2356 3095 2389 3120 2393 3120 2396 3120 2400 3120 2404 3120 2480 3094 2557 3127 2561 3127 2565 3131 2656 3131 2656 3127 2813 3094 2854 3127 2857 3127 2861 3127 2865 3127 2868 3127 2872 3127 2927 3094 3150 3094 3150 3062 3150 2974 3092 2977 3075 2971 3044 2974 2993 2999 2952 2992 2898 2974 2890 2974 2887 2974 2883 2974 2868 2974 2755 2999 2594 2981 2590 2981 2443 2983 2426 3006 2381 2977 2345 2974 2341 2974 2338 2974 2334 2974 2330 2974 2289 3008 2246 2999 2129 2985 2052 2974 2049 2974 2045 2974 2012 2985 1972 3003 1858 3003 1833 2988 1814 2974 1811 2974 1807 2974 1803 2974 1800 2974 1763 2988 1730 2999 1701 2988 1679 2981 1675 2981 1672 2981 1555 2988 1544 3007"/></Shape>
	    <String CONTENT="denar̃ quos dc̃i Balliui reciꝑe consueu̾ũt"
                    HPOS="1544"
                    VPOS="2971"
                    WIDTH="1606"
                    HEIGHT="160"></String>
          </TextLine>

          
          
          <TextLine ID="eSc_line_dd4040e5"
                    TAGREFS="LT6264"
                    BASELINE="1544 3179 3113 3171" 
                    HPOS="1540"
                    VPOS="3080"
                    WIDTH="1573"
                    HEIGHT="147">
            <Shape><Polygon POINTS="1544 3179 1544 3226 1661 3205 2052 3219 2191 3222 2610 3227 3112 3216 3113 3171 3110 3113 3018 3087 3015 3087 3011 3087 3007 3087 3004 3087 2971 3113 2865 3118 2815 3110 2811 3110 2762 3105 2693 3102 2603 3129 2536 3107 2480 3080 2477 3080 2473 3080 2469 3080 2469 3083 2438 3091 2396 3113 2327 3080 2323 3080 2319 3080 2316 3080 2312 3080 2145 3116 2072 3110 1994 3110 1917 3105 1847 3113 1552 3098 1540 3116"/></Shape>
	    <String CONTENT="ꝑ ãnũ ad eundẽ t̾minũ ꝓ buttes. Et"
                    HPOS="1540"
                    VPOS="3080"
                    WIDTH="1573"
                    HEIGHT="147"></String>
          </TextLine>

          
          
          <TextLine ID="eSc_line_3a99cd5f"
                    TAGREFS="LT6264"
                    BASELINE="1540 3292 3088 3292" 
                    HPOS="1540"
                    VPOS="3201"
                    WIDTH="1548"
                    HEIGHT="150">
            <Shape><Polygon POINTS="1771 3347 1774 3347 1891 3329 1917 3347 1921 3347 1924 3347 1928 3347 1932 3347 1994 3321 1997 3321 2056 3347 2060 3347 2063 3351 2213 3351 2213 3347 2352 3321 2360 3321 2378 3321 2658 3345 2704 3347 2707 3347 2723 3335 2737 3325 3088 3318 3088 3292 3088 3219 2898 3201 2894 3201 2890 3201 2854 3215 2832 3222 2733 3215 2642 3219 2568 3231 2521 3212 2429 3222 2415 3212 2404 3201 2400 3201 2396 3201 2272 3201 2268 3201 2265 3201 2232 3212 2191 3222 2155 3212 2129 3201 2125 3201 2122 3201 2118 3201 2114 3201 2104 3208 2082 3226 1957 3226 1851 3208 1796 3201 1792 3201 1789 3201 1785 3201 1778 3208 1749 3222 1621 3204 1595 3204 1591 3204 1588 3204 1584 3204 1566 3219 1547 3204 1540 3292 1540 3321"/></Shape>
	    <String CONTENT="duos solid̃ et septẽ denar̃ quos dicti"
                    HPOS="1540"
                    VPOS="3201"
                    WIDTH="1548"
                    HEIGHT="150"></String>
          </TextLine>

          
          
          <TextLine ID="eSc_line_4a132c4f"
                    TAGREFS="LT6264"
                    BASELINE="1547 3394 3117 3402" 
                    HPOS="1544"
                    VPOS="3303"
                    WIDTH="1598"
                    HEIGHT="160">
            <Shape><Polygon POINTS="1544 3442 1685 3435 1725 3435 1816 3424 1900 3434 1957 3434 2022 3463 2078 3446 2082 3446 2169 3438 2286 3424 2393 3435 2539 3430 2595 3449 2813 3427 2854 3427 2868 3427 2978 3449 2982 3449 2985 3449 2989 3449 2989 3446 3011 3427 3113 3427 3117 3402 3142 3307 2983 3331 2817 3310 2813 3310 2810 3310 2806 3310 2802 3310 2773 3329 2754 3332 2712 3332 2664 3356 2613 3349 2569 3348 2524 3329 2447 3314 2415 3307 2411 3307 2407 3307 2393 3314 2360 3329 2349 3314 2338 3307 2338 3303 2334 3303 2330 3303 2327 3303 2323 3303 2297 3314 2275 3329 2152 3351 2072 3348 1977 3336 1891 3325 1796 3333 1668 3328 1547 3321 1547 3394"/></Shape>
	    <String CONTENT="Balliui reciꝑe consueu̾ũt ꝑ ãnũ f̃m"
                    HPOS="1544"
                    VPOS="3303"
                    WIDTH="1598"
                    HEIGHT="160"></String>
          </TextLine>

          
          
          <TextLine ID="eSc_line_63ccba1b"
                    TAGREFS="LT6264"
                    BASELINE="1551 3508 3135 3508" 
                    HPOS="1551"
                    VPOS="3420"
                    WIDTH="1584"
                    HEIGHT="139">
            <Shape><Polygon POINTS="1555 3559 1602 3541 1694 3559 1705 3559 1708 3559 1712 3559 1716 3559 1741 3541 1836 3544 1881 3542 1934 3544 1966 3550 1998 3537 2012 3541 2071 3555 2085 3559 2089 3559 2093 3559 2129 3555 2224 3541 2243 3555 2250 3559 2254 3559 2257 3559 2261 3559 2301 3552 2382 3541 2477 3552 2543 3559 2546 3559 3135 3544 3135 3508 3135 3446 3000 3446 2974 3420 2971 3420 2967 3420 2963 3420 2839 3442 2806 3420 2802 3420 2799 3420 2795 3420 2616 3449 2374 3424 2371 3424 2367 3424 2323 3442 2265 3420 2261 3420 2257 3420 2152 3440 2089 3450 1989 3452 1874 3430 1807 3420 1803 3420 1679 3442 1650 3420 1646 3420 1642 3420 1639 3420 1635 3420 1551 3442 1551 3508"/></Shape>
	    <String CONTENT="sc̃i mich̃is ꝓ terra Dionis̃ Burwald̃ et"
                    HPOS="1551"
                    VPOS="3420"
                    WIDTH="1584"
                    HEIGHT="139"></String>
          </TextLine>

          
          
          <TextLine ID="eSc_line_79b0d336"
                    TAGREFS="LT6264"
                    BASELINE="1547 3599 3146 3618" 
                    HPOS="1544"
                    VPOS="3526"
                    WIDTH="1602"
                    HEIGHT="146">
            <Shape><Polygon POINTS="1544 3629 1679 3651 1683 3651 1840 3640 1858 3654 1858 3658 1862 3658 1866 3658 1869 3658 1873 3658 1943 3640 2107 3658 2111 3658 2114 3658 2151 3640 2243 3661 2397 3645 2527 3672 2569 3653 2644 3659 2824 3669 2828 3669 3143 3647 3146 3618 3146 3552 2985 3533 2982 3533 2978 3533 2920 3548 2901 3552 2887 3548 2832 3530 2828 3530 2824 3530 2821 3530 2759 3548 2748 3548 2715 3544 2639 3557 2531 3549 2404 3544 2382 3544 2378 3544 2363 3530 2363 3526 2360 3526 2356 3526 2292 3542 2224 3541 2191 3544 2166 3541 2123 3563 2049 3536 1957 3541 1939 3541 1921 3537 1763 3530 1674 3538 1547 3533 1547 3599"/></Shape>
	    <String CONTENT="heuedacr̃. Et octo denar̃ quos heredes"
                    HPOS="1544"
                    VPOS="3526"
                    WIDTH="1602"
                    HEIGHT="146"></String>
          </TextLine>

          
          
          <TextLine ID="eSc_line_32d6d613"
                    TAGREFS="LT6264"
                    BASELINE="1555 3713 3161 3738" 
                    HPOS="1551"
                    VPOS="3629"
                    WIDTH="1610"
                    HEIGHT="172">
            <Shape><Polygon POINTS="1551 3753 1588 3775 1591 3775 1595 3775 1599 3775 1602 3775 1650 3757 1694 3779 1697 3779 1701 3779 1705 3779 1760 3753 1789 3779 1789 3782 1792 3782 1796 3782 1800 3782 1997 3768 2023 3786 2027 3786 2030 3786 2034 3786 2038 3786 2104 3764 2265 3790 2268 3790 2429 3764 2474 3773 2509 3776 2526 3771 2549 3778 2577 3771 2606 3773 2654 3766 2777 3771 2901 3796 2996 3801 3000 3801 3004 3801 3004 3797 3029 3775 3157 3775 3161 3738 3157 3647 2945 3665 2707 3640 2656 3636 2652 3636 2649 3636 2638 3640 2513 3673 2374 3636 2304 3646 2208 3657 2130 3654 2045 3657 1904 3661 1768 3636 1555 3629 1555 3713"/></Shape>
	    <String CONTENT="henr̃ pistoris ꝑ ãnũ solebãt reciꝑe ad"
                    HPOS="1551"
                    VPOS="3629"
                    WIDTH="1610"
                    HEIGHT="172"></String>
          </TextLine>

          
          
          <TextLine ID="eSc_line_7d9df9fd"
                    TAGREFS="LT6264"
                    BASELINE="1547 3844 3194 3852" 
                    HPOS="1544"
                    VPOS="3757"
                    WIDTH="1650"
                    HEIGHT="146">
            <Shape><Polygon POINTS="1544 3881 1939 3899 1943 3899 1946 3899 1950 3899 1968 3885 1972 3881 1983 3885 2030 3896 2034 3896 2038 3896 2041 3896 2045 3896 2056 3885 2104 3875 2224 3877 2250 3885 2297 3899 2301 3899 2305 3899 2308 3899 2345 3885 2367 3877 2407 3885 2499 3903 2502 3903 2601 3885 2612 3885 2619 3885 2726 3903 2729 3903 2817 3885 2846 3881 2909 3885 3099 3903 3102 3903 3190 3885 3194 3852 3190 3757 3099 3757 3095 3757 3091 3757 3088 3757 3088 3760 3070 3775 3051 3757 3048 3757 3044 3757 3040 3757 3037 3757 2985 3782 2885 3799 2673 3784 2549 3786 2470 3772 2426 3757 2322 3763 2284 3780 2211 3774 2084 3780 2053 3783 2004 3778 1922 3780 1829 3790 1772 3767 1701 3777 1547 3764 1547 3844"/></Shape>
	    <String CONTENT="f̃m b̃i Petri ad uincl̃a ꝓ terris in bello"
                    HPOS="1544"
                    VPOS="3757"
                    WIDTH="1650"
                    HEIGHT="146"></String>
          </TextLine>

          
          
          <TextLine ID="eSc_line_5c17a23e"
                    TAGREFS="LT6264"
                    BASELINE="1547 3951 3198 3969" 
                    HPOS="1544"
                    VPOS="3870"
                    WIDTH="1654"
                    HEIGHT="146">
            <Shape><Polygon POINTS="1544 3976 1635 4002 1639 4002 1642 4002 1840 3983 1873 4005 1877 4005 1880 4005 1884 4005 2202 3985 3124 4016 3140 4001 3132 4016 3194 3994 3198 3969 3194 3881 3033 3907 2876 3907 2846 3881 2843 3877 2839 3877 2835 3877 2638 3877 2634 3877 2630 3877 2627 3877 2619 3881 2590 3899 2521 3881 2480 3874 2477 3874 2473 3874 2447 3881 2411 3896 2312 3885 2206 3870 2202 3870 2107 3885 2049 3892 2016 3885 1957 3870 1953 3870 1950 3870 1946 3870 1943 3870 1943 3874 1928 3885 1921 3892 1547 3888 1547 3951"/></Shape>
	    <String CONTENT="monte. Et octodecim denar̃ ⁊ duas gal-"
                    HPOS="1544"
                    VPOS="3870"
                    WIDTH="1654"
                    HEIGHT="146"></String>
          </TextLine>

          
          
          <TextLine ID="eSc_line_ceb75f90"
                    TAGREFS="LT6264"
                    BASELINE="1544 4064 3205 4082" 
                    HPOS="1537"
                    VPOS="3967"
                    WIDTH="1671"
                    HEIGHT="148">
            <Shape><Polygon POINTS="3020 4015 2929 4010 2862 3997 2770 4031 2682 3995 2615 4021 2132 3997 1792 3994 1543 3967 1543 4060 1537 4115 3199 4112 3202 4077 3208 4030 3182 4006 3100 4006"/></Shape>
	    <String CONTENT="linas uel tres denar̃ quos hered̃ Will̃mi"
                    HPOS="1537"
                    VPOS="3967"
                    WIDTH="1671"
                    HEIGHT="148"></String>
          </TextLine>

          
          
          <TextLine ID="eSc_line_35662a19"
                    TAGREFS="LT6264"
                    BASELINE="1533 4177 3166 4185" 
                    HPOS="1449"
                    VPOS="4093"
                    WIDTH="1734"
                    HEIGHT="156">
            <Shape><Polygon POINTS="1449 4228 3164 4249 3182 4173 3183 4121 1527 4093 1532 4175"/></Shape>
	    <String CONTENT="Cudding̃ solebãt reciꝑe ꝑ ãnũ ad f̃m"
                    HPOS="1449"
                    VPOS="4093"
                    WIDTH="1734"
                    HEIGHT="156"></String>
          </TextLine>

          
          
          <TextLine ID="eSc_line_9bfe9562"
                    TAGREFS="LT6264"
                    BASELINE="1551 4283 3198 4302" 
                    HPOS="1547"
                    VPOS="4196"
                    WIDTH="1651"
                    HEIGHT="161">
            <Shape><Polygon POINTS="1547 4313 1796 4338 1800 4338 2169 4327 2202 4346 2206 4346 2210 4346 2287 4326 2491 4327 2535 4349 2539 4349 2543 4349 2546 4349 2612 4331 2630 4349 2634 4349 2638 4349 2641 4349 2752 4357 3055 4353 3059 4353 3062 4353 3066 4353 3084 4335 3135 4353 3139 4353 3143 4353 3146 4353 3194 4331 3198 4302 3198 4229 3091 4207 3088 4207 3084 4207 3048 4225 3033 4236 2938 4247 2871 4241 2832 4233 2784 4239 2726 4225 2684 4219 2642 4222 2582 4237 2543 4243 2509 4243 2465 4239 2400 4239 2346 4236 2292 4230 2262 4226 2183 4223 2125 4221 2069 4232 2024 4232 1928 4237 1820 4235 1664 4221 1650 4214 1595 4196 1591 4196 1588 4196 1584 4196 1551 4210 1551 4283"/></Shape>
	    <String CONTENT="b̃e marie et ad f̃m b̃i mich̃is ꝑ equales"
                    HPOS="1547"
                    VPOS="4196"
                    WIDTH="1651"
                    HEIGHT="161"></String>
          </TextLine>

          
          
          <TextLine ID="eSc_line_c82d4852"
                    TAGREFS="LT6264"
                    BASELINE="1555 4397 3179 4415" 
                    HPOS="1549"
                    VPOS="4316"
                    WIDTH="1630"
                    HEIGHT="132">
            <Shape><Polygon POINTS="1549 4438 3172 4448 3179 4415 3176 4346 2550 4346 2546 4338 2528 4324 2528 4320 2524 4320 2521 4320 2517 4320 2155 4335 2118 4335 2111 4335 2056 4316 2052 4316 2049 4316 2045 4316 1979 4335 1964 4335 1950 4331 1795 4333 1678 4335 1555 4327 1555 4397"/></Shape>
	    <String CONTENT="porcõnes ꝓ terris in bello monte Et de"
                    HPOS="1549"
                    VPOS="4316"
                    WIDTH="1630"
                    HEIGHT="132"></String>
          </TextLine>

          
          
          <TextLine ID="eSc_line_52295b3e"
                    TAGREFS="LT6264"
                    BASELINE="1558 4496 3106 4525" 
                    HPOS="1555"
                    VPOS="4419"
                    WIDTH="1551"
                    HEIGHT="166">
            <Shape><Polygon POINTS="1555 4529 1610 4554 1613 4554 1617 4554 1745 4532 1792 4558 1796 4558 1800 4558 1803 4558 1862 4539 2136 4565 2140 4565 2144 4565 2147 4565 2177 4543 2224 4565 2228 4565 2232 4565 2235 4565 2239 4565 2268 4543 2466 4561 2469 4561 2473 4561 2477 4561 2491 4550 2517 4569 2517 4572 2521 4572 2524 4572 2528 4572 2532 4572 2588 4585 2633 4554 2715 4550 2912 4580 3052 4576 3102 4554 3106 4525 3099 4448 2773 4455 2726 4444 2671 4426 2667 4426 2663 4426 2583 4441 2528 4452 2506 4441 2469 4422 2466 4422 2462 4422 2385 4437 2261 4419 2257 4419 2254 4419 2250 4419 2250 4422 2232 4437 2224 4448 2144 4448 2118 4437 2083 4437 2051 4430 2025 4430 2000 4441 1979 4443 1948 4446 1900 4444 1803 4441 1558 4433 1558 4496"/></Shape>
	    <String CONTENT="area quondã Cerle le Belt̾ in ꝑoch̃"
                    HPOS="1555"
                    VPOS="4419"
                    WIDTH="1551"
                    HEIGHT="166"></String>
          </TextLine>

          
          
          <TextLine ID="eSc_line_7f6deec6"
                    TAGREFS="LT6264"
                    BASELINE="1555 4616 3176 4635" 
                    HPOS="1553"
                    VPOS="4529"
                    WIDTH="1645"
                    HEIGHT="166">
            <Shape><Polygon POINTS="1553 4657 1842 4659 1921 4671 1935 4675 1939 4675 1943 4675 1946 4675 1961 4671 2008 4657 2030 4671 2038 4679 2041 4679 2045 4679 2049 4679 2111 4671 2184 4660 2374 4668 2704 4686 2707 4686 2791 4668 2810 4664 2821 4668 2868 4689 2872 4689 2876 4693 3033 4693 3033 4689 3178 4695 3176 4635 3198 4558 2960 4583 2789 4572 2748 4563 2714 4565 2634 4550 2586 4579 2494 4563 2415 4561 2341 4558 2319 4539 2319 4536 2316 4536 2312 4536 2202 4532 2199 4532 2195 4532 2191 4532 2191 4536 2188 4536 2169 4554 2093 4536 2082 4536 2078 4536 2063 4536 1946 4554 1833 4536 1825 4536 1822 4536 1818 4536 1814 4536 1796 4550 1774 4536 1767 4529 1763 4529 1760 4529 1644 4547 1555 4532 1555 4616"/></Shape>
	    <String CONTENT="sc̃i Petri oriental̃ duos solidos ad eosdẽ"
                    HPOS="1553"
                    VPOS="4529"
                    WIDTH="1645"
                    HEIGHT="166"></String>
          </TextLine>

          
          
          <TextLine ID="eSc_line_904587fd"
                    TAGREFS="LT6264"
                    BASELINE="1555 4715 3124 4744" 
                    HPOS="1551"
                    VPOS="4642"
                    WIDTH="1573"
                    HEIGHT="154">
            <Shape><Polygon POINTS="1551 4748 1602 4770 1606 4770 1610 4770 1749 4755 2140 4785 2144 4785 2235 4766 2729 4796 2733 4796 2737 4796 2777 4777 2887 4796 2890 4796 3121 4777 3124 4744 3124 4686 3092 4674 2841 4686 2585 4680 2268 4668 2228 4668 2210 4653 2210 4649 2206 4649 2202 4649 2199 4649 1986 4664 1964 4664 1950 4646 1946 4646 1946 4642 1943 4642 1939 4642 1935 4642 1932 4642 1888 4660 1844 4642 1840 4642 1836 4642 1833 4642 1778 4660 1771 4660 1715 4662 1655 4650 1597 4656 1555 4653 1555 4715"/></Shape>
	    <String CONTENT="t̾m̃os. Et ut hec om̃ia firma et stabi"
                    HPOS="1551"
                    VPOS="4642"
                    WIDTH="1573"
                    HEIGHT="154"></String>
          </TextLine>

          
          
          <TextLine ID="eSc_line_639ae3ba"
                    TAGREFS="LT6264"
                    BASELINE="1547 4825 3099 4854" 
                    HPOS="1544"
                    VPOS="4744"
                    WIDTH="1555"
                    HEIGHT="169">
            <Shape><Polygon POINTS="1544 4858 1762 4889 1950 4894 1953 4894 1957 4894 2034 4872 2071 4894 2074 4894 2113 4881 2170 4887 2279 4876 2344 4885 2458 4880 2501 4880 2517 4880 2576 4905 2579 4905 2583 4905 2707 4883 2759 4909 2762 4909 2766 4909 2769 4909 2817 4891 2901 4913 2905 4913 2909 4913 3095 4887 3099 4854 3099 4792 2996 4788 2885 4788 2710 4772 2652 4781 2634 4766 2634 4763 2630 4763 2627 4763 2549 4781 2378 4777 2345 4777 2338 4777 2283 4755 2279 4755 2275 4755 2272 4755 2232 4774 2224 4774 2156 4783 2063 4776 1997 4770 1990 4770 1957 4770 1617 4744 1613 4744 1610 4744 1547 4759 1547 4825"/></Shape>
	    <String CONTENT="lia imꝑpetuũ ꝑmaneant. huic presenti"
                    HPOS="1544"
                    VPOS="4744"
                    WIDTH="1555"
                    HEIGHT="169"></String>
          </TextLine>

          
          
          <TextLine ID="eSc_line_92424a64"
                    TAGREFS="LT6264"
                    BASELINE="1555 4935 3124 4975" 
                    HPOS="1551"
                    VPOS="4854"
                    WIDTH="1573"
                    HEIGHT="176">
            <Shape><Polygon POINTS="1551 4986 1811 4975 1990 4997 1994 4997 2224 4989 2261 5004 2294 5015 2297 5015 2499 5019 2502 5019 2506 5019 2510 5019 2521 5008 2543 4993 2674 4997 2682 5011 2693 5022 2696 5022 2696 5026 2700 5026 2704 5026 2707 5026 2711 5026 2773 5011 2791 5008 2813 5011 2898 5030 2901 5030 3121 5015 3124 4975 3124 4909 2928 4912 2680 4892 2583 4894 2565 4898 2557 4894 2539 4876 2535 4876 2532 4876 2528 4876 2341 4891 2301 4891 2297 4887 2275 4869 2272 4869 2268 4869 2265 4869 2191 4887 2180 4887 2173 4883 2155 4877 2101 4883 2021 4887 1972 4898 1852 4891 1809 4887 1701 4854 1632 4867 1555 4869 1555 4935"/></Shape>
	    <String CONTENT="scripto in modũ cirogͣphi confecto ꝑtes"
                    HPOS="1551"
                    VPOS="4854"
                    WIDTH="1573"
                    HEIGHT="176"></String>
          </TextLine>

          
          
          <TextLine ID="eSc_line_8da94976"
                    TAGREFS="LT6264"
                    BASELINE="1551 5041 3128 5085" 
                    HPOS="1547"
                    VPOS="4964"
                    WIDTH="1581"
                    HEIGHT="183">
            <Shape><Polygon POINTS="1547 5092 1679 5077 1880 5103 1943 5110 1946 5110 1983 5107 2063 5092 2093 5107 2107 5114 2111 5114 2114 5114 2166 5110 2272 5096 2290 5110 2297 5118 2301 5118 2305 5118 2308 5118 2360 5114 2469 5099 2576 5099 2598 5118 2612 5128 2616 5128 2619 5128 2623 5128 3117 5147 3128 5085 3128 5022 2689 5011 2682 5004 2612 4975 2608 4975 2605 4975 2502 5000 2455 5014 2404 5007 2284 5019 2165 4986 2116 4980 2063 4975 2024 4982 1991 4984 1967 4979 1926 4982 1886 4985 1862 4982 1855 4975 1818 4968 1755 4973 1691 4983 1598 4975 1551 4964 1551 5041"/></Shape>
	    <String CONTENT="predc̃e sigilla sua coĩa alt̾natim appo"
                    HPOS="1547"
                    VPOS="4964"
                    WIDTH="1581"
                    HEIGHT="183"></String>
          </TextLine>

          
          
          <TextLine ID="eSc_line_197e39c0"
                    TAGREFS="LT6264"
                    BASELINE="1547 5147 2458 5158" 
                    HPOS="1537"
                    VPOS="5079"
                    WIDTH="920"
                    HEIGHT="134">
            <Shape><Polygon POINTS="1537 5191 2444 5213 2457 5159 2456 5105 1545 5079 1543 5141"/></Shape>
	    <String CONTENT="suerũt hiis testib ⁊cͣ."
                    HPOS="1537"
                    VPOS="5079"
                    WIDTH="920"
                    HEIGHT="134"></String>
          </TextLine>

          
          
          <TextLine ID="eSc_line_a76c698b"
                    TAGREFS="LT6265"
                    BASELINE="1551 5260 3106 5271" 
                    HPOS="1547"
                    VPOS="5172"
                    WIDTH="1564"
                    HEIGHT="154">
            <Shape><Polygon POINTS="1547 5311 1616 5307 1699 5289 1870 5292 1906 5319 1910 5319 1913 5322 2012 5322 2012 5319 2016 5319 2030 5311 2063 5297 2246 5308 2324 5314 2396 5304 2451 5308 2484 5300 2510 5308 2583 5326 2587 5326 2590 5326 2982 5304 3055 5326 3059 5326 3062 5326 3066 5326 3070 5326 3102 5300 3106 5271 3111 5174 2894 5198 2868 5176 2865 5176 2861 5176 2857 5176 2854 5176 2850 5176 2813 5198 2737 5176 2733 5176 2729 5176 2726 5176 2652 5198 2594 5172 2590 5172 2587 5172 2583 5172 2539 5172 2300 5216 2220 5222 2099 5199 2041 5202 1950 5197 1860 5192 1708 5191 1551 5172 1551 5260"/></Shape>
	    <String CONTENT="Notand̃ ꝙ de terra Rob̃ Biseleg̃. eccl̃ia"
                    HPOS="1547"
                    VPOS="5172"
                    WIDTH="1564"
                    HEIGHT="154"></String>
          </TextLine>

          
          
          <TextLine ID="eSc_line_e1cbe8fc"
                    TAGREFS="LT6265"
                    BASELINE="1555 5363 3106 5370" 
                    HPOS="1555"
                    VPOS="5295"
                    WIDTH="1551"
                    HEIGHT="181">
            <Shape><Polygon POINTS="1555 5454 1595 5432 1617 5454 1621 5454 1624 5454 1628 5454 1631 5454 1635 5454 1664 5436 1763 5450 1873 5469 1877 5469 1880 5469 1884 5469 1910 5450 1935 5432 2049 5432 2074 5447 2096 5465 2100 5465 2104 5465 2107 5465 2111 5465 2114 5465 2140 5447 2151 5439 2166 5447 2213 5465 2217 5465 2543 5472 2546 5472 2550 5472 2554 5472 2594 5439 2598 5436 2605 5439 2656 5465 2660 5465 2663 5465 2667 5465 2671 5465 2671 5461 2696 5439 2700 5436 2777 5436 2780 5439 2821 5472 2824 5472 2828 5472 2832 5476 2967 5476 2967 5472 2971 5472 2974 5472 2974 5469 3011 5436 3102 5436 3106 5370 3104 5319 1557 5295 1555 5363"/></Shape>
	    <String CONTENT="nr̃a habuit quatuor solid̃ ãnui redditus"
                    HPOS="1555"
                    VPOS="5295"
                    WIDTH="1551"
                    HEIGHT="181"></String>
          </TextLine>

          
        </TextBlock>
        
        <TextBlock HPOS="3381"
                   VPOS="412"
                   WIDTH="1559"
                   HEIGHT="5068"
                   ID="eSc_textblock_875f847c"
                   TAGREFS="BT14869">
          <Shape><Polygon POINTS="3381 412 3381 5480 4940 5480 4940 412"/></Shape>
          
          
          <TextLine ID="eSc_line_fd77cd27"
                    TAGREFS="LT6265"
                    BASELINE="3404 491 4157 479 4893 531" 
                    HPOS="3394"
                    VPOS="417"
                    WIDTH="1494"
                    HEIGHT="159">
            <Shape><Polygon POINTS="4882 417 4827 417 4773 417 4718 417 4663 417 4608 417 4553 417 4498 417 4443 417 4388 417 4333 417 4278 417 4223 417 4168 417 4113 417 4059 417 4004 417 3949 417 3894 417 3839 417 3784 417 3729 417 3674 417 3619 417 3564 417 3509 417 3454 417 3399 417 3399 488 3394 537 4015 526 4218 554 4300 565 4306 565 4311 565 4339 554 4399 537 4432 559 4454 570 4459 570 4465 570 4470 570 4476 570 4503 559 4531 543 4602 559 4685 576 4690 576 4882 559 4888 526 4888 417 4882 417"/></Shape>
	    <String CONTENT=""
                    HPOS="3394"
                    VPOS="417"
                    WIDTH="1494"
                    HEIGHT="159"></String>
          </TextLine>

          
          
          <TextLine ID="eSc_line_e2722ea2"
                    TAGREFS="LT6265"
                    BASELINE="3415 621 4127 615 4928 655" 
                    HPOS="3405"
                    VPOS="488"
                    WIDTH="1521"
                    HEIGHT="197">
            <Shape><Polygon POINTS="4674 515 4619 510 4564 510 4553 504 4333 532 4322 532 4317 532 4179 493 4174 493 4168 493 4163 493 4048 521 3993 488 3987 488 3982 488 3976 488 3773 521 3756 521 3410 515 3410 620 3405 636 3762 663 3767 663 3822 653 3894 636 3982 658 4031 669 4037 669 4042 669 4163 663 4449 647 4602 674 4608 674 4613 674 4690 653 4915 685 4926 653 4926 548 4707 515 4674 515"/></Shape>
	    <String CONTENT=""
                    HPOS="3405"
                    VPOS="488"
                    WIDTH="1521"
                    HEIGHT="197"></String>
          </TextLine>

          
          
          <TextLine ID="eSc_line_fd420d5f"
                    TAGREFS="LT6265"
                    BASELINE="3399 746 4040 718 4928 757" 
                    HPOS="3388"
                    VPOS="620"
                    WIDTH="1538"
                    HEIGHT="164">
            <Shape><Polygon POINTS="4871 653 4817 653 4762 647 4707 647 4652 642 4597 642 4542 636 4487 636 4432 631 4377 631 4322 625 4273 625 4218 620 4163 620 4108 620 4053 620 3998 620 3943 620 3888 620 3833 620 3778 620 3756 620 3394 620 3394 740 3388 762 4520 757 4915 784 4926 751 4926 653 4871 653"/></Shape>
	    <String CONTENT=""
                    HPOS="3388"
                    VPOS="620"
                    WIDTH="1538"
                    HEIGHT="164"></String>
          </TextLine>

          
          
          <TextLine ID="eSc_line_1a811f8f"
                    TAGREFS="LT6265"
                    BASELINE="3399 860 3952 826 4848 847" 
                    HPOS="3388"
                    VPOS="740"
                    WIDTH="1456"
                    HEIGHT="137">
            <Shape><Polygon POINTS="4817 751 4762 746 4707 746 4652 740 4597 740 4542 740 3498 740 3443 740 3394 740 3394 856 3388 867 4833 877 4844 845 4838 751 4817 751"/></Shape>
	    <String CONTENT=""
                    HPOS="3388"
                    VPOS="740"
                    WIDTH="1456"
                    HEIGHT="137"></String>
          </TextLine>

          
          
          <TextLine ID="eSc_line_acc35a5e"
                    TAGREFS="LT6265"
                    BASELINE="3409 953 4119 930 4874 961" 
                    HPOS="3399"
                    VPOS="845"
                    WIDTH="1472"
                    HEIGHT="137">
            <Shape><Polygon POINTS="4773 845 4718 845 4663 845 3625 845 3570 850 3515 850 3460 856 3405 856 3405 949 3399 982 4866 982 4871 960 4866 845 4827 845 4773 845"/></Shape>
	    <String CONTENT=""
                    HPOS="3399"
                    VPOS="845"
                    WIDTH="1472"
                    HEIGHT="137"></String>
          </TextLine>

          
          
          <TextLine ID="eSc_line_78d02249"
                    TAGREFS="LT6265"
                    BASELINE="3407 1068 4125 1050 4938 1081" 
                    HPOS="3399"
                    VPOS="932"
                    WIDTH="1538"
                    HEIGHT="176">
            <Shape><Polygon POINTS="4778 960 4723 954 4718 954 4668 954 4613 949 4608 949 4558 949 4503 949 4449 943 4394 943 4339 938 4284 938 4234 932 3405 949 3405 1064 3399 1075 4926 1108 4937 1075 4937 965 4827 960 4778 960"/></Shape>
	    <String CONTENT=""
                    HPOS="3399"
                    VPOS="932"
                    WIDTH="1538"
                    HEIGHT="176"></String>
          </TextLine>

          
          
          <TextLine ID="eSc_line_56aa6433"
                    TAGREFS="LT6265"
                    BASELINE="3412 1177 4122 1162 4917 1179" 
                    HPOS="3405"
                    VPOS="1070"
                    WIDTH="1510"
                    HEIGHT="137">
            <Shape><Polygon POINTS="4888 1075 4833 1075 4778 1075 4723 1070 4668 1070 4613 1070 3410 1070 3410 1174 3405 1207 4910 1207 4915 1174 4910 1075 4888 1075"/></Shape>
	    <String CONTENT=""
                    HPOS="3405"
                    VPOS="1070"
                    WIDTH="1510"
                    HEIGHT="137"></String>
          </TextLine>

          
          
          <TextLine ID="eSc_line_9b714013"
                    TAGREFS="LT6265"
                    BASELINE="3409 1288 4076 1275 4896 1288" 
                    HPOS="3399"
                    VPOS="1174"
                    WIDTH="1494"
                    HEIGHT="143">
            <Shape><Polygon POINTS="4882 1174 4827 1174 4773 1174 4718 1174 4663 1174 3619 1174 3564 1174 3509 1174 3454 1174 3405 1174 3405 1284 3399 1306 4882 1317 4893 1284 4888 1174 4882 1174"/></Shape>
	    <String CONTENT=""
                    HPOS="3399"
                    VPOS="1174"
                    WIDTH="1494"
                    HEIGHT="143"></String>
          </TextLine>

          
          
          <TextLine ID="eSc_line_a9062db7"
                    TAGREFS="LT6265"
                    BASELINE="3407 1403 4213 1379 4904 1413" 
                    HPOS="3399"
                    VPOS="1284"
                    WIDTH="1500"
                    HEIGHT="153">
            <Shape><Polygon POINTS="3405 1399 3399 1437 4893 1437 4899 1410 4893 1289 3405 1284 3405 1399"/></Shape>
	    <String CONTENT=""
                    HPOS="3399"
                    VPOS="1284"
                    WIDTH="1500"
                    HEIGHT="153"></String>
          </TextLine>

          
          
          <TextLine ID="eSc_line_d13a987d"
                    TAGREFS="LT6265"
                    BASELINE="3417 1512 4114 1498 4909 1517" 
                    HPOS="3410"
                    VPOS="1404"
                    WIDTH="1494"
                    HEIGHT="132">
            <Shape><Polygon POINTS="4893 1410 4838 1410 4784 1410 4778 1404 3416 1404 3416 1509 3410 1536 4899 1531 4904 1514 4899 1410 4893 1404 4893 1410"/></Shape>
	    <String CONTENT=""
                    HPOS="3410"
                    VPOS="1404"
                    WIDTH="1494"
                    HEIGHT="132"></String>
          </TextLine>

          
          
          <TextLine ID="eSc_line_792ecc31"
                    TAGREFS="LT6265"
                    BASELINE="3420 1623 4042 1604 4481 1623" 
                    HPOS="3410"
                    VPOS="1498"
                    WIDTH="1066"
                    HEIGHT="170">
            <Shape><Polygon POINTS="4454 1503 4399 1503 4344 1503 4289 1498 4284 1498 3410 1520 3416 1618 3416 1668 4476 1668 4476 1618 4465 1503 4454 1503"/></Shape>
	    <String CONTENT=""
                    HPOS="3410"
                    VPOS="1498"
                    WIDTH="1066"
                    HEIGHT="170"></String>
          </TextLine>

          
          
          <TextLine ID="eSc_line_0666ea21"
                    TAGREFS="LT6264"
                    BASELINE="3420 1950 4930 1964" 
                    HPOS="3410"
                    VPOS="1849"
                    WIDTH="1516"
                    HEIGHT="153">
            <Shape><Polygon POINTS="4405 1860 4350 1860 4339 1854 3916 1854 3910 1854 3855 1854 3800 1854 3745 1854 3691 1854 3685 1849 3416 1849 3416 1948 3410 1991 4915 2002 4926 1959 4921 1865 4416 1860 4405 1860"/></Shape>
	    <String CONTENT=""
                    HPOS="3410"
                    VPOS="1849"
                    WIDTH="1516"
                    HEIGHT="153"></String>
          </TextLine>

          
          
          <TextLine ID="eSc_line_d162d6bc"
                    TAGREFS="LT6264"
                    BASELINE="3409 2062 4909 2062" 
                    HPOS="3405"
                    VPOS="1964"
                    WIDTH="1499"
                    HEIGHT="148">
            <Shape><Polygon POINTS="3405 2057 3405 2085 4899 2112 4904 2057 4904 1975 3405 1964 3405 2057"/></Shape>
	    <String CONTENT=""
                    HPOS="3405"
                    VPOS="1964"
                    WIDTH="1499"
                    HEIGHT="148"></String>
          </TextLine>

          
          
          <TextLine ID="eSc_line_79086d88"
                    TAGREFS="LT6264"
                    BASELINE="3417 2171 4927 2198" 
                    HPOS="3410"
                    VPOS="2068"
                    WIDTH="1516"
                    HEIGHT="154">
            <Shape><Polygon POINTS="3416 2167 3410 2200 4915 2222 4926 2195 4926 2090 3416 2068 3416 2167"/></Shape>
	    <String CONTENT=""
                    HPOS="3410"
                    VPOS="2068"
                    WIDTH="1516"
                    HEIGHT="154"></String>
          </TextLine>

          
          
          <TextLine ID="eSc_line_8c7eb7af"
                    TAGREFS="LT6264"
                    BASELINE="3404 2288 4927 2294" 
                    HPOS="3394"
                    VPOS="2178"
                    WIDTH="1532"
                    HEIGHT="154">
            <Shape><Polygon POINTS="4882 2195 4827 2195 4773 2195 4718 2195 4663 2195 4608 2189 4553 2189 4498 2189 4443 2189 4388 2189 4333 2189 4278 2184 4223 2184 4168 2184 4113 2184 4059 2184 4026 2178 3399 2178 3399 2282 3394 2299 4915 2332 4926 2293 4921 2195 4882 2195"/></Shape>
	    <String CONTENT=""
                    HPOS="3394"
                    VPOS="2178"
                    WIDTH="1532"
                    HEIGHT="154"></String>
          </TextLine>

          
          
          <TextLine ID="eSc_line_a32a72f4"
                    TAGREFS="LT6264"
                    BASELINE="3406 2384 4911 2400" 
                    HPOS="3399"
                    VPOS="2288"
                    WIDTH="1511"
                    HEIGHT="137">
            <Shape><Polygon POINTS="4284 2293 4229 2293 4174 2293 4141 2288 4004 2288 3954 2288 3899 2288 3844 2288 3789 2288 3734 2288 3680 2288 3625 2288 3570 2288 3515 2288 3460 2288 3405 2288 3405 2381 3399 2425 4904 2419 4910 2398 4904 2304 4300 2293 4284 2293"/></Shape>
	    <String CONTENT=""
                    HPOS="3399"
                    VPOS="2288"
                    WIDTH="1511"
                    HEIGHT="137"></String>
          </TextLine>

          
          
          <TextLine ID="eSc_line_470e7814"
                    TAGREFS="LT6264"
                    BASELINE="3395 2512 4699 2509 4900 2530" 
                    HPOS="3388"
                    VPOS="2398"
                    WIDTH="1511"
                    HEIGHT="159">
            <Shape><Polygon POINTS="3394 2507 3388 2557 4893 2540 4899 2529 4888 2398 3394 2409 3394 2507"/></Shape>
	    <String CONTENT=""
                    HPOS="3388"
                    VPOS="2398"
                    WIDTH="1511"
                    HEIGHT="159"></String>
          </TextLine>

          
          
          <TextLine ID="eSc_line_2e54aa4b"
                    TAGREFS="LT6264"
                    BASELINE="3404 2630 4876 2640" 
                    HPOS="3394"
                    VPOS="2518"
                    WIDTH="1477"
                    HEIGHT="143">
            <Shape><Polygon POINTS="4827 2524 4773 2518 3399 2518 3399 2628 3394 2661 4866 2661 4871 2639 4860 2524 4827 2524"/></Shape>
	    <String CONTENT=""
                    HPOS="3394"
                    VPOS="2518"
                    WIDTH="1477"
                    HEIGHT="143"></String>
          </TextLine>

          
          
          <TextLine ID="eSc_line_3c7291e7"
                    TAGREFS="LT6264"
                    BASELINE="3411 2741 4896 2744" 
                    HPOS="3405"
                    VPOS="2617"
                    WIDTH="1488"
                    HEIGHT="170">
            <Shape><Polygon POINTS="4838 2639 4784 2639 4729 2639 4674 2639 4619 2639 4564 2639 4509 2639 4454 2639 4399 2639 4344 2639 4289 2639 4234 2639 4179 2639 4124 2634 4070 2634 4015 2634 3960 2634 3905 2634 3850 2634 3795 2634 3773 2634 3410 2634 3410 2738 3405 2782 4882 2787 4893 2743 4882 2617 4844 2617 4838 2639"/></Shape>
	    <String CONTENT=""
                    HPOS="3405"
                    VPOS="2617"
                    WIDTH="1488"
                    HEIGHT="170"></String>
          </TextLine>

          
          
          <TextLine ID="eSc_line_585a0aa1"
                    TAGREFS="LT6264"
                    BASELINE="3407 2848 4902 2868" 
                    HPOS="3399"
                    VPOS="2743"
                    WIDTH="1500"
                    HEIGHT="137">
            <Shape><Polygon POINTS="3405 2842 3399 2880 4893 2880 4899 2864 4899 2765 3405 2743 3405 2842"/></Shape>
	    <String CONTENT=""
                    HPOS="3399"
                    VPOS="2743"
                    WIDTH="1500"
                    HEIGHT="137"></String>
          </TextLine>

          
          
          <TextLine ID="eSc_line_752965d1"
                    TAGREFS="LT6264"
                    BASELINE="3398 2965 4899 2962" 
                    HPOS="3388"
                    VPOS="2858"
                    WIDTH="1505"
                    HEIGHT="149">
            <Shape><Polygon POINTS="4871 2864 4817 2864 4762 2864 4707 2864 4652 2864 4597 2864 4542 2864 4487 2858 3388 2869 3394 2963 3394 2990 4882 3007 4893 2957 4877 2864 4871 2864"/></Shape>
	    <String CONTENT=""
                    HPOS="3388"
                    VPOS="2858"
                    WIDTH="1505"
                    HEIGHT="149"></String>
          </TextLine>

          
          
          <TextLine ID="eSc_line_8452f550"
                    TAGREFS="LT6264"
                    BASELINE="3407 3079 4886 3076" 
                    HPOS="3399"
                    VPOS="2974"
                    WIDTH="1483"
                    HEIGHT="137">
            <Shape><Polygon POINTS="3405 3078 3405 3111 4877 3100 4882 3073 4871 2979 3399 2974 3405 3078"/></Shape>
	    <String CONTENT=""
                    HPOS="3399"
                    VPOS="2974"
                    WIDTH="1483"
                    HEIGHT="137"></String>
          </TextLine>

          
          
          <TextLine ID="eSc_line_91e489f9"
                    TAGREFS="LT6264"
                    BASELINE="3407 3173 4915 3202" 
                    HPOS="3399"
                    VPOS="3078"
                    WIDTH="1511"
                    HEIGHT="143">
            <Shape><Polygon POINTS="4449 3078 4394 3078 4339 3078 4284 3078 4229 3078 4174 3078 4119 3078 4064 3078 4009 3078 3954 3078 3899 3078 3844 3078 3789 3078 3734 3078 3680 3078 3625 3078 3570 3078 3515 3078 3460 3078 3405 3078 3405 3171 3399 3204 4899 3221 4910 3199 4904 3078 4707 3100 4465 3078 4449 3078"/></Shape>
	    <String CONTENT=""
                    HPOS="3399"
                    VPOS="3078"
                    WIDTH="1511"
                    HEIGHT="143"></String>
          </TextLine>

          
          
          <TextLine ID="eSc_line_f860664f"
                    TAGREFS="LT6264"
                    BASELINE="3407 3303 4896 3306" 
                    HPOS="3399"
                    VPOS="3188"
                    WIDTH="1494"
                    HEIGHT="159">
            <Shape><Polygon POINTS="4833 3199 4778 3199 4723 3199 4668 3199 4613 3199 4558 3193 4503 3193 4449 3193 4394 3193 4339 3193 4300 3188 3405 3188 3405 3297 3399 3325 4882 3347 4893 3303 4882 3199 4833 3199"/></Shape>
	    <String CONTENT=""
                    HPOS="3399"
                    VPOS="3188"
                    WIDTH="1494"
                    HEIGHT="159"></String>
          </TextLine>

          
          
          <TextLine ID="eSc_line_e74b9d7f"
                    TAGREFS="LT6264"
                    BASELINE="3401 3417 4918 3417" 
                    HPOS="3399"
                    VPOS="3297"
                    WIDTH="1516"
                    HEIGHT="154">
            <Shape><Polygon POINTS="3894 3303 3839 3303 3784 3303 3729 3303 3674 3303 3619 3303 3564 3303 3509 3303 3454 3303 3449 3297 3399 3297 3399 3413 3399 3446 4910 3451 4915 3413 4915 3314 3905 3303 3894 3303"/></Shape>
	    <String CONTENT=""
                    HPOS="3399"
                    VPOS="3297"
                    WIDTH="1516"
                    HEIGHT="154"></String>
          </TextLine>

          
          
          <TextLine ID="eSc_line_3221dd10"
                    TAGREFS="LT6264"
                    BASELINE="3407 3531 4899 3534" 
                    HPOS="3399"
                    VPOS="3418"
                    WIDTH="1494"
                    HEIGHT="137">
            <Shape><Polygon POINTS="3405 3528 3399 3555 4888 3550 4893 3533 4882 3418 3405 3418 3405 3528"/></Shape>
	    <String CONTENT=""
                    HPOS="3399"
                    VPOS="3418"
                    WIDTH="1494"
                    HEIGHT="137"></String>
          </TextLine>

          
          
          <TextLine ID="eSc_line_e6ffa5c8"
                    TAGREFS="LT6264"
                    BASELINE="3407 3628 4928 3635" 
                    HPOS="3399"
                    VPOS="3517"
                    WIDTH="1527"
                    HEIGHT="154">
            <Shape><Polygon POINTS="4888 3533 4833 3533 4778 3533 4723 3533 4668 3533 4613 3533 4558 3533 4503 3533 4449 3533 4394 3533 4339 3533 4284 3533 4229 3533 4174 3533 4119 3533 4064 3533 4009 3533 3954 3533 3899 3533 3844 3533 3789 3533 3778 3533 3405 3533 3405 3627 3399 3671 4921 3660 4926 3632 4921 3517 4888 3517 4888 3533"/></Shape>
	    <String CONTENT=""
                    HPOS="3399"
                    VPOS="3517"
                    WIDTH="1527"
                    HEIGHT="154"></String>
          </TextLine>

          
          
          <TextLine ID="eSc_line_ffba4272"
                    TAGREFS="LT6264"
                    BASELINE="3404 3761 4938 3732" 
                    HPOS="3394"
                    VPOS="3610"
                    WIDTH="1543"
                    HEIGHT="192">
            <Shape><Polygon POINTS="3399 3758 3399 3802 4597 3802 4597 3797 4602 3797 4712 3769 4877 3791 4882 3791 4888 3791 4893 3791 4937 3758 4937 3731 4910 3610 4877 3632 4860 3643 3394 3643 3399 3758"/></Shape>
	    <String CONTENT=""
                    HPOS="3394"
                    VPOS="3610"
                    WIDTH="1543"
                    HEIGHT="192"></String>
          </TextLine>

          
          
          <TextLine ID="eSc_line_0d57ee01"
                    TAGREFS="LT6264"
                    BASELINE="3385 3865 4902 3862" 
                    HPOS="3383"
                    VPOS="3769"
                    WIDTH="1516"
                    HEIGHT="149">
            <Shape><Polygon POINTS="3383 3863 3383 3890 4740 3918 4745 3918 4899 3885 4899 3857 4888 3769 3427 3769 3383 3863"/></Shape>
	    <String CONTENT=""
                    HPOS="3383"
                    VPOS="3769"
                    WIDTH="1516"
                    HEIGHT="149"></String>
          </TextLine>

          
          
          <TextLine ID="eSc_line_750fe6fa"
                    TAGREFS="LT6264"
                    BASELINE="3413 3984 4917 3966" 
                    HPOS="3405"
                    VPOS="3857"
                    WIDTH="1510"
                    HEIGHT="159">
            <Shape><Polygon POINTS="4888 3863 4833 3863 4778 3863 4723 3863 4668 3863 4613 3863 4558 3863 4503 3863 4449 3863 4399 3863 3405 3868 3410 3983 3410 4011 4871 4016 4877 4016 4882 4016 4888 4016 4915 3989 4915 3961 4899 3857 4888 3857 4888 3863"/></Shape>
	    <String CONTENT=""
                    HPOS="3405"
                    VPOS="3857"
                    WIDTH="1510"
                    HEIGHT="159"></String>
          </TextLine>

          
          
          <TextLine ID="eSc_line_6833dc19"
                    TAGREFS="LT6264"
                    BASELINE="3422 4084 4382 4101 4930 4063" 
                    HPOS="3416"
                    VPOS="3978"
                    WIDTH="1510"
                    HEIGHT="148">
            <Shape><Polygon POINTS="3745 3983 3691 3983 3636 3983 3581 3983 3526 3983 3471 3983 3416 3983 3421 4082 3421 4126 4921 4104 4926 4060 4915 3983 3784 3978 3745 3983"/></Shape>
	    <String CONTENT=""
                    HPOS="3416"
                    VPOS="3978"
                    WIDTH="1510"
                    HEIGHT="148"></String>
          </TextLine>

          
          
          <TextLine ID="eSc_line_faed9663"
                    TAGREFS="LT6264"
                    BASELINE="3408 4181 4930 4181" 
                    HPOS="3405"
                    VPOS="4082"
                    WIDTH="1521"
                    HEIGHT="165">
            <Shape><Polygon POINTS="4558 4088 4503 4093 4449 4099 4394 4099 4339 4099 4284 4099 4229 4099 4174 4099 4119 4099 4064 4099 4026 4093 3405 4099 3405 4175 3405 4247 4926 4230 4926 4175 4921 4082 4558 4082 4558 4088"/></Shape>
	    <String CONTENT=""
                    HPOS="3405"
                    VPOS="4082"
                    WIDTH="1521"
                    HEIGHT="165"></String>
          </TextLine>

          
          
          <TextLine ID="eSc_line_bf146554"
                    TAGREFS="LT6264"
                    BASELINE="3413 4308 4934 4295" 
                    HPOS="3405"
                    VPOS="4214"
                    WIDTH="1527"
                    HEIGHT="148">
            <Shape><Polygon POINTS="3410 4307 3410 4362 4926 4335 4932 4291 4899 4214 3405 4225 3410 4307"/></Shape>
	    <String CONTENT=""
                    HPOS="3405"
                    VPOS="4214"
                    WIDTH="1527"
                    HEIGHT="148"></String>
          </TextLine>

          
          
          <TextLine ID="eSc_line_a50a39d4"
                    TAGREFS="LT6264"
                    BASELINE="3413 4418 4891 4418" 
                    HPOS="3410"
                    VPOS="4307"
                    WIDTH="1478"
                    HEIGHT="170">
            <Shape><Polygon POINTS="3410 4417 3410 4477 4888 4455 4888 4417 4877 4307 4767 4340 4119 4340 4102 4318 4091 4313 4091 4307 4086 4307 4081 4307 4075 4307 4070 4307 4037 4318 4004 4335 3971 4324 3927 4307 3921 4307 3916 4307 3410 4329 3410 4417"/></Shape>
	    <String CONTENT=""
                    HPOS="3410"
                    VPOS="4307"
                    WIDTH="1478"
                    HEIGHT="170"></String>
          </TextLine>

          
          
          <TextLine ID="eSc_line_d7e92cd9"
                    TAGREFS="LT6264"
                    BASELINE="3408 4523 4873 4523" 
                    HPOS="3405"
                    VPOS="4422"
                    WIDTH="1466"
                    HEIGHT="165">
            <Shape><Polygon POINTS="3405 4521 3405 4565 4707 4587 4712 4587 4871 4554 4871 4521 4866 4422 3405 4439 3405 4521"/></Shape>
	    <String CONTENT=""
                    HPOS="3405"
                    VPOS="4422"
                    WIDTH="1466"
                    HEIGHT="165"></String>
          </TextLine>

          
          
          <TextLine ID="eSc_line_ddac0769"
                    TAGREFS="LT6264"
                    BASELINE="3400 4637 4895 4628" 
                    HPOS="3399"
                    VPOS="4510"
                    WIDTH="1494"
                    HEIGHT="170">
            <Shape><Polygon POINTS="4822 4527 4800 4527 4701 4549 4306 4549 4256 4527 4218 4527 4163 4527 4152 4527 4059 4543 3828 4527 3778 4527 3729 4527 3680 4549 3564 4527 3559 4527 3504 4527 3443 4549 3399 4521 3399 4636 3399 4680 4888 4680 4893 4625 4877 4510 4822 4521 4822 4527"/></Shape>
	    <String CONTENT=""
                    HPOS="3399"
                    VPOS="4510"
                    WIDTH="1494"
                    HEIGHT="170"></String>
          </TextLine>

          
          
          <TextLine ID="eSc_line_a4281126"
                    TAGREFS="LT6264"
                    BASELINE="3391 4742 4229 4763 4698 4771 4904 4725" 
                    HPOS="3383"
                    VPOS="4636"
                    WIDTH="1516"
                    HEIGHT="236">
            <Shape><Polygon POINTS="3388 4741 3383 4796 4163 4779 4344 4796 4405 4850 4421 4867 4427 4867 4432 4867 4438 4872 4893 4872 4899 4724 4882 4636 4564 4664 3388 4647 3388 4741"/></Shape>
	    <String CONTENT=""
                    HPOS="3383"
                    VPOS="4636"
                    WIDTH="1516"
                    HEIGHT="236"></String>
          </TextLine>

          
          
          <TextLine ID="eSc_line_70430bdf"
                    TAGREFS="LT6264"
                    BASELINE="3387 4882 4869 4843" 
                    HPOS="3383"
                    VPOS="4746"
                    WIDTH="1483"
                    HEIGHT="154">
            <Shape><Polygon POINTS="4751 4757 4696 4768 4641 4768 4586 4768 4531 4768 4476 4768 4421 4763 4366 4763 4311 4763 4306 4763 4130 4768 4102 4763 4081 4757 4037 4757 3982 4757 3927 4752 3872 4752 3855 4752 3416 4779 3383 4878 3383 4900 4860 4878 4866 4839 4849 4746 4795 4746 4751 4757"/></Shape>
	    <String CONTENT=""
                    HPOS="3383"
                    VPOS="4746"
                    WIDTH="1483"
                    HEIGHT="154"></String>
          </TextLine>

          
          
          <TextLine ID="eSc_line_723249ea"
                    TAGREFS="LT6264"
                    BASELINE="3400 4970 4886 4948" 
                    HPOS="3394"
                    VPOS="4845"
                    WIDTH="1488"
                    HEIGHT="159">
            <Shape><Polygon POINTS="3399 4966 3399 5004 4877 4977 4882 4944 4866 4845 3394 4883 3399 4966"/></Shape>
	    <String CONTENT=""
                    HPOS="3394"
                    VPOS="4845"
                    WIDTH="1488"
                    HEIGHT="159"></String>
          </TextLine>

          
          
          <TextLine ID="eSc_line_4e87830a"
                    TAGREFS="LT6264"
                    BASELINE="3395 5075 4618 5079 4912 5027" 
                    HPOS="3388"
                    VPOS="4944"
                    WIDTH="1522"
                    HEIGHT="181">
            <Shape><Polygon POINTS="4871 4949 4817 4949 4762 4949 4707 4949 4652 4949 4597 4949 4586 4949 4531 4949 4487 4955 4432 4955 4377 4955 4322 4955 4284 4955 4124 4955 4102 4960 4048 4960 3993 4960 3982 4960 3723 4960 3718 4966 3680 4966 3388 4966 3394 5070 3394 5103 4009 5125 4015 5125 4020 5125 4130 5097 4141 5097 4152 5097 4355 5125 4361 5125 4904 5086 4910 5026 4888 4944 4871 4944 4871 4949"/></Shape>
	    <String CONTENT=""
                    HPOS="3388"
                    VPOS="4944"
                    WIDTH="1522"
                    HEIGHT="181"></String>
          </TextLine>

          
          
          <TextLine ID="eSc_line_d570534e"
                    TAGREFS="LT6264"
                    BASELINE="3404 5176 4873 5167" 
                    HPOS="3394"
                    VPOS="5059"
                    WIDTH="1477"
                    HEIGHT="395">
            <Shape><Polygon POINTS="4657 5070 4602 5075 4547 5075 4492 5075 4438 5075 4383 5075 4328 5075 4273 5075 4218 5075 4163 5075 4108 5075 4053 5075 4048 5075 4004 5086 3888 5081 3784 5075 3778 5075 3723 5075 3669 5075 3614 5075 3559 5075 3509 5075 3394 5092 3399 5174 3405 5454 3520 5416 3581 5438 3619 5454 3625 5454 3630 5454 3767 5427 3811 5454 3817 5454 3822 5454 3828 5454 4207 5449 4212 5449 4218 5449 4218 5443 4289 5377 4339 5328 4871 5322 4871 5163 4860 5059 4712 5059 4657 5070"/></Shape>
	    <String CONTENT=""
                    HPOS="3394"
                    VPOS="5059"
                    WIDTH="1477"
                    HEIGHT="395"></String>
          </TextLine>

          
          
          <TextLine ID="eSc_line_9cfeaf73"
                    TAGREFS="LT6264"
                    BASELINE="3391 5290 4706 5278 4890 5242" 
                    HPOS="3383"
                    VPOS="5169"
                    WIDTH="1505"
                    HEIGHT="307">
            <Shape><Polygon POINTS="4811 5169 4740 5185 4641 5169 4591 5169 4536 5169 4481 5169 4427 5169 4410 5169 3383 5196 3388 5289 3388 5454 3581 5443 3619 5460 3663 5476 3669 5476 3674 5476 3680 5476 3745 5454 3800 5438 3899 5449 4004 5465 4009 5465 4015 5465 4020 5465 4020 5460 4037 5449 4048 5438 4091 5449 4212 5471 4218 5471 4723 5465 4729 5465 4734 5465 4734 5460 4767 5432 4778 5421 4882 5427 4888 5240 4860 5169 4811 5169"/></Shape>
	    <String CONTENT=""
                    HPOS="3383"
                    VPOS="5169"
                    WIDTH="1505"
                    HEIGHT="307"></String>
          </TextLine>

          
          
          <TextLine ID="eSc_line_e76671e0"
                    TAGREFS="LT6264"
                    BASELINE="3391 5378 4623 5395 4864 5356" 
                    HPOS="3383"
                    VPOS="5278"
                    WIDTH="1477"
                    HEIGHT="193">
            <Shape><Polygon POINTS="3388 5377 3383 5471 4855 5471 4860 5355 4838 5278 3388 5295 3388 5377"/></Shape>
	    <String CONTENT=""
                    HPOS="3383"
                    VPOS="5278"
                    WIDTH="1477"
                    HEIGHT="193"></String>
          </TextLine>

          
        </TextBlock>
        
        <TextBlock HPOS="3348"
                   VPOS="1642"
                   WIDTH="353"
                   HEIGHT="219"
                   ID="eSc_textblock_da7a5d5f"
                   TAGREFS="BT14868">
          <Shape><Polygon POINTS="3348 1642 3348 1861 3701 1861 3701 1642"/></Shape>
          
          
          <TextLine ID="eSc_line_4d6bdbbf"
                    TAGREFS="LT6264"
                    BASELINE="3688 1722 4941 1748" 
                    HPOS="3680"
                    VPOS="1602"
                    WIDTH="1257"
                    HEIGHT="159">
            <Shape><Polygon POINTS="4344 1618 4289 1613 4234 1613 4185 1607 4086 1618 4004 1624 3960 1618 3905 1607 3850 1607 3795 1613 3740 1613 3685 1646 3685 1717 3680 1755 4926 1761 4937 1745 4937 1624 4558 1602 4553 1602 4547 1602 4498 1618 4449 1635 4399 1618 4344 1618"/></Shape>
	    <String CONTENT=""
                    HPOS="3680"
                    VPOS="1602"
                    WIDTH="1257"
                    HEIGHT="159"></String>
          </TextLine>

          
          
          <TextLine ID="eSc_line_7d2dabde"
                    TAGREFS="LT6264"
                    BASELINE="3694 1852 4933 1863" 
                    HPOS="3685"
                    VPOS="1728"
                    WIDTH="1247"
                    HEIGHT="165">
            <Shape><Polygon POINTS="4899 1745 4844 1745 4817 1745 4800 1755 4531 1755 4525 1755 4525 1750 4372 1734 4350 1734 4295 1734 4240 1734 4185 1728 4130 1728 4075 1728 4048 1728 3729 1745 3691 1849 3685 1882 4921 1893 4932 1860 4932 1755 4910 1745 4899 1745"/></Shape>
	    <String CONTENT=""
                    HPOS="3685"
                    VPOS="1728"
                    WIDTH="1247"
                    HEIGHT="165"></String>
          </TextLine>

          
        </TextBlock>
        
        <TextBlock HPOS="3846"
                   VPOS="6055"
                   WIDTH="799"
                   HEIGHT="302"
                   ID="eSc_textblock_7c950270"
                   TAGREFS="BT14870">
          <Shape><Polygon POINTS="3846 6055 3846 6357 4645 6357 4645 6055"/></Shape>
          
          
          <TextLine ID="eSc_line_ebdcba89"
                    TAGREFS="LT6264"
                    BASELINE="3932 6223 4464 6214" 
                    HPOS="3921"
                    VPOS="6102"
                    WIDTH="538"
                    HEIGHT="170">
            <Shape><Polygon POINTS="3927 6222 3927 6272 4454 6244 4459 6211 4449 6102 3921 6102 3927 6222"/></Shape>
	    <String CONTENT=""
                    HPOS="3921"
                    VPOS="6102"
                    WIDTH="538"
                    HEIGHT="170"></String>
          </TextLine>

          
        </TextBlock>
        
        <TextBlock HPOS="3621"
                   VPOS="196"
                   WIDTH="592"
                   HEIGHT="104"
                   ID="eSc_textblock_1a9981d9"
                   TAGREFS="BT14872">
          <Shape><Polygon POINTS="3621 300 3621 196 4213 196 4213 300"/></Shape>
          
        </TextBlock>
        
        <TextBlock HPOS="0"
                   VPOS="0"
                   WIDTH="976"
                   HEIGHT="4530"
                   ID="eSc_textblock_ddd801c4"
                   TAGREFS="BT14873">
          <Shape><Polygon POINTS="976 4530 976 0 0 0 0 4530"/></Shape>
          
        </TextBlock>
        
        <TextBlock HPOS="1879"
                   VPOS="268"
                   WIDTH="407"
                   HEIGHT="104"
                   ID="eSc_textblock_54bbdc94"
                   TAGREFS="BT14872">
          <Shape><Polygon POINTS="2286 372 2286 268 1879 268 1879 372"/></Shape>
          
        </TextBlock>
        

        
      </PrintSpace>
    </Page>
  </Layout>
</alto>
