5190 6585
1713 2474 1373 154 Balehorn intuitu dĩ et ꝓ salute aĩe mee

1464 2590 1577 146 dedi concessi ⁊ hac carta mea confirmaui dõ et

1467 2699 1614 143 eccl̃ie sc̃e ffrid̃ Oxoñ ⁊ cañ ib̃m dõ ẜuientib

1475 2813 1650 150 presentib ⁊ futuris in lib̃am ⁊ ꝑpetuã elemosinã

1475 2908 1559 157 om̃es terras ⁊ redditꝰ cũ ꝑtĩn inferiꝰ noĩatos

1467 3025 1541 150 scil̃t duas acras que iacent in campo quod

1471 3131 1636 157 appellat᷑ Bradmore iuxͣ terrã Abb̃isse de Godestow

1460 3241 1599 157 ex ꝑte aquilonari. Et unã acrã que appellat᷑ ha

1464 3351 1566 157 uedacre que iacet in campo Bradmore ⁊ totã

1460 3464 1629 154 terrã arabl̃em que fuit Rog̾i wat̾mã que iacet

1460 3574 1610 157 int̾ terrã que fuit Semeri ⁊ Newedich de feodo

1449 3687 1647 154 Abb̃isse de Godestowe ⁊ totã terrã quã Osmũdꝰ

1467 3819 1574 117 molendinariꝰ tenuit de me que iacet int̾ ter

1464 3910 1577 158 rã Thome filii Walt̾i ⁊ terrã Alexandͥ ce-

1467 4013 1563 172 mẽtarii. saluo feodo dc̃i Osmũdi sibi ⁊ he-

1467 4137 1563 143 red̃ suis. Et decẽ buttos terre arabl̃is qui ia-

1467 4225 1607 165 cẽt iuxͣ buttos qui fuerũt quõdã Simonis Se-

1471 4360 1522 125 mer ⁊ tres acras quaꝵ una extendit us

1460 4444 1555 150 ad capitl̃em acrã que uocat᷑ heuedacr̃. et

1456 4558 1578 157 due acre que se extendũt ĩ capitl̃em acrã pre-

1449 4657 1552 168 dc̃am que fuerũt de feodo Astil merchaunt

1453 4777 1551 161 et duos buttos qui iacẽt retro aulã dñi Re-

1453 4887 1606 176 gis cũ edificiis suꝑedificatis ⁊ dimid̃ acrã ib̃m

1453 5000 1592 172 cũ dimidio edificio h̃end̃ ⁊ tenend̃ lib̃e ⁊ qui

1445 5128 1611 158 ete pacifice ⁊ integre sibi. ⁊ succ̃ suis sicut me.

1445 5257 1644 182 is assignatis reddend̃ ꝓ dc̃is teñ s̾uicia que

3297 321 1548 194 in cartis donatoꝵ quas de dc̃is h̃ui ⁊ eisdẽ assigna-

3289 477 1538 132 tis lib̃aui pleniꝰ cõtinent᷑. Et ego Simon ⁊ heredes

3290 556 1482 157 mei om̃ia predc̃a teñ cũ ꝑtĩn suis predc̃is cañ

3286 665 1541 158 contͣ om̃es hoĩes ⁊ feĩas warantizabimꝰ imꝑ-

3290 779 1519 157 petuũ. Et hanc donacõm ⁊ warantizacõm feci

3283 896 1530 172 dc̃is cañ anno r̃r̃ henrici filii regis Ioh̃is ui-

3290 1013 1398 157 cesimo quĩto mense april̃. hiis testib ⁊cͣ
