5196 6585
1456 384 154 135 320

1580 279 1603 333 exceptis quatuor solidis ãnuatĩ recipiendis

1577 519 1544 179 predc̃is Priori ⁊ con ⁊ succ̃ suis imꝑpetuũ

1573 639 1544 151 de duob teñ in Oxoñ uidel̃t de Selda

1580 735 1537 172 que quõdã fuit hugonis de Paum̾ in

1577 856 1544 161 Allutaria uiginti ⁊ unũ deñ ad duos ãni

1570 969 1566 144 t̾miõs scil̃t ad f̃m b̃e marie et ad festũ

1573 1068 1599 159 b̃i mich̃is ꝑ equales porcõnes. Et de teñ

1562 1181 1522 151 quod quondã tenuit Adam Spaldynges

1555 1291 1686 173 in ꝑochia b̃e ffrid̃ duos solidos ⁊ tres denar̃

1551 1420 1673 144 ad eosdẽ t̾mĩos ꝑ equales porcõnes. Con-

1547 1521 1573 158 sil̃i modo predc̃a Abb̃issa de Godestowe

1544 1613 1661 175 ⁊ eiusdẽ loci con ꝓ se ⁊ suis succ̃ dimiserũt

1540 1717 1715 167 concesserũt ⁊ om̃o quiete clamau̾ũt imꝑpetuũ

1533 1851 1672 142 ut in escambiũ predc̃m predc̃is Priori ⁊ con

1536 1957 1687 157 b̃e ffrid̃ ⁊ eoꝵ succ̃ sex solid̃ ⁊ octo denar̃

1536 2066 1636 161 quos Ioh̃es Payn de knyghington p̾-

1533 2180 1599 164 dc̃e Abb̃isse ⁊ eiusdẽ loci cõuentui solu̾e

1540 2297 1647 143 consueuit. Et octodecim denar̃ quos Ball̃i

1536 2407 1614 157 extͣ portã borialẽ Oxoñ reciꝑre consueu̾-

1540 2524 1712 161 ũt ꝓ terra que quõdã fuit Dionis̃ Burwald̃

1544 2648 1629 143 ꝑ ãnũ ad f̃m b̃e marie in marcõ. Et sex

1544 2758 1591 139 denar̃ quos dc̃i Balliui solebant reciꝑe ꝑ

1551 2853 1603 150 ãnũ ad eundẽ t̾m̃ ꝓ hauedacr̃. Et septẽ

1544 2971 1606 160 denar̃ quos dc̃i Balliui reciꝑe consueu̾ũt

1540 3080 1573 147 ꝑ ãnũ ad eundẽ t̾minũ ꝓ buttes. Et

1540 3201 1548 150 duos solid̃ et septẽ denar̃ quos dicti

1544 3303 1598 160 Balliui reciꝑe consueu̾ũt ꝑ ãnũ f̃m

1551 3420 1584 139 sc̃i mich̃is ꝓ terra Dionis̃ Burwald̃ et

1544 3526 1602 146 heuedacr̃. Et octo denar̃ quos heredes

1551 3629 1610 172 henr̃ pistoris ꝑ ãnũ solebãt reciꝑe ad

1544 3757 1650 146 f̃m b̃i Petri ad uincl̃a ꝓ terris in bello

1544 3870 1654 146 monte. Et octodecim denar̃ ⁊ duas gal-

1537 3967 1671 148 linas uel tres denar̃ quos hered̃ Will̃mi

1449 4093 1734 156 Cudding̃ solebãt reciꝑe ꝑ ãnũ ad f̃m

1547 4196 1651 161 b̃e marie et ad f̃m b̃i mich̃is ꝑ equales

1549 4316 1630 132 porcõnes ꝓ terris in bello monte Et de

1555 4419 1551 166 area quondã Cerle le Belt̾ in ꝑoch̃

1553 4529 1645 166 sc̃i Petri oriental̃ duos solidos ad eosdẽ

1551 4642 1573 154 t̾m̃os. Et ut hec om̃ia firma et stabi

1544 4744 1555 169 lia imꝑpetuũ ꝑmaneant. huic presenti

1551 4854 1573 176 scripto in modũ cirogͣphi confecto ꝑtes

1547 4964 1581 183 predc̃e sigilla sua coĩa alt̾natim appo

1537 5079 920 134 suerũt hiis testib ⁊cͣ.

1547 5172 1564 154 Notand̃ ꝙ de terra Rob̃ Biseleg̃. eccl̃ia

1555 5295 1551 181 nr̃a habuit quatuor solid̃ ãnui redditus
