5209 6471
2557 265 569 228 ¶hedindoñ

2147 557 1522 176 Et illa ei reddidit in eadẽ Cur̃ ⁊ remisit ⁊

2158 686 1547 155 quiet̃ clam̃ de se ⁊ hered̃ suis eidẽ Pͥori

2148 805 1521 149 ⁊ succ̃ suis ⁊ eccl̃ie sue predc̃e totũ ius ⁊

2147 913 1546 122 clamiũ quod habuit in tota terra predc̃a

2158 1024 1547 144 cũ ꝑtiñ imꝑpet̃. Et ꝓ hac recogñ reddicõne

2154 1128 1572 138 remissione quiet̃  clamanc̃ fine ⁊ concordia

2137 1257 1530 112 idem Pͥor dedit ⁊ concessit predc̃e ffelic̃

2147 1344 1518 155 unũ messuag̃ ⁊ unã uirgatã terre quã

2133 1455 1529 155 Nich̃us ꝑsona de Elsefeld quondã te

2154 1571 1540 133 nuit habend̃ ⁊ tenend̃ eidẽ felic̃ et he

2154 1675 1515 147 red̃ suis de predc̃o pͥore ⁊ succ̃ suis et

2154 1783 1558 147 eccl̃ia predc̃a imꝑpet̃. Reddendo inde ã

2151 1890 1557 137 nuatĩ duo solid̃ ad duos terminos anni

2158 1998 1550 144 scil̃t medietatẽ ad ãnũciacõni b̃e marie

2147 2095 1550 143 et alt̾am medietatẽ ad f̃m sc̃i mich̃is

2144 2212 1568 133 et faciend̃ capitl̃ib dñis feodi illius for

2149 2318 1620 144 insecũ s̾uic̃ quãtũ ad predict̃ messuagiũ

2147 2415 1583 155 et predc̃am uirgatã terre ꝑtin pro om̃i

2151 2530 665 148 s̾uic̃o ⁊ exaccõne

622 3846 1349 165 ec est finalis concordia fc̃a in Cur̃

645 3974 1271 116 dñi Regis apd Oxoñ die lune

388 4058 1558 162 ꝓx̃ post f̃m Apl̃oꝵ Petri ⁊ pauli Anno

394 4157 1500 167 regni regis henr̃ fil̃ Regis Ioh̃is xixͦ

402 4263 1492 126 corã Abb̃e de Abendoñ. Will̃mo de

392 4371 1482 158 Eboꝵ Rad̃ de Norwyc̃. Will̃mo de

392 4486 1575 140 Insula ⁊ Rob̃to de Dumary Iustic̃ itin̾

385 4583 1564 148 ant̃ ⁊ aliis dñi Regis fidelib tũc ibi p̾

395 4687 1468 148 sentib int̾ Eliam Priorẽ sc̃e ffrid̃

395 4799 1605 149 Oxoñ petentẽ ⁊ ffeliciã Bolle tenentẽ

395 4899 1601 151 de dimid̃ hida terre cũ ꝑtiñ in hedindoñ

388 5018 1588 140 unde recogñ magñ Assie sũm̃ fuit int̾

395 5119 1601 140 eos in eadẽ Cur̃. scil̃t qd̵ prefata Alicia

406 5223 1525 162 recognouit totã predc̃am terrã cũ ꝑtiñ

413 5334 1619 184 ẽẽ ius ip̃ius Poris ⁊ eccl̃ie sue sc̃e ffrid̃
