2682 3804
486 355 1460 131 Noctu ergo Siluanus fallendi custodis

547 462 1397 128 occasionem nactus clam thalamum

555 552 1397 139 ingredit. Patrioq cõgressu fortuna-

555 645 1335 129 tus futurus. puelle thorũ tenet :

561 738 1372 118 manuq tentans. ut noctu fit horri-

542 839 1356 120 dum leonis tegmen inuenit. Ratus

557 929 1378 124 ergo cubare ibi herculem ad aliud

541 1029 1416 124 cubile ire ꝑgit. Quod cum sensisset

542 1110 1388 129 mollibus stratum puerilibusq de-

537 1207 1372 117 litiis aptius stragula ueste sensim

533 1302 1378 123 ãmota : dum libidine ardens ma-

538 1391 1354 131 nu palpat herculem: ac uix dum

538 1493 1375 126 hyrci corporis horrorem haustrat

536 1599 1450 115 et exꝑrectus hercules manu reiectũ

543 1697 1357 129 toto antro fusum iaculat. Quo pro

526 1781 1411 114 strepitu somno puella discussa lumĩa

523 1870 1401 148 accersit. Lumine ergo siluano pro-

513 1965 1487 137 dito : lusus ac semiruptus. uix attollẽs

513 2057 1420 114 humo humeros in siluas detrusus ẽ.

454 2146 1476 145 Ea gͦ ratione ꝑpetuo execratis uestibꝰ:

517 2253 1394 130 quibus tam turpiter lusus esset .eas-

513 2350 1482 126 dem suis ac sacris procul abfore cõstituit.

447 2421 1476 165 Pleriq illud huiusce rei cum assignãt

510 2526 1384 129 Romulo ꝙ eadem sacra celebrante.

528 2633 1435 122 medioq solis ardore corpus exercẽte
