<?xml version="1.0" encoding="UTF-8"?>
<alto xmlns:xsi="http://www.w3.org/2001/XMLSchema-instance"
      xmlns="http://www.loc.gov/standards/alto/ns-v4#"
      xsi:schemaLocation="http://www.loc.gov/standards/alto/ns-v4# http://www.loc.gov/standards/alto/v4/alto-4-2.xsd">
  <Description>
    <MeasurementUnit>pixel</MeasurementUnit>
    <sourceImageInformation>
      <fileName>7_d20e5_default.jpg</fileName>
      <fileIdentifier>mets//toronto-thomas-fisher-rare-book-library-mss-03043.zip/7_d20e5_default.jpg</fileIdentifier>
    </sourceImageInformation>
  </Description>
  
  <Tags>
    <OtherTag ID="BT16575" LABEL="MarginTextZone" DESCRIPTION="block type MarginTextZone"/><OtherTag ID="BT16576" LABEL="DamageZone" DESCRIPTION="block type DamageZone"/><OtherTag ID="BT16577" LABEL="DigitizationArtefactZone" DESCRIPTION="block type DigitizationArtefactZone"/><OtherTag ID="BT16578" LABEL="DropCapitalZone" DESCRIPTION="block type DropCapitalZone"/><OtherTag ID="BT16579" LABEL="GraphicZone" DESCRIPTION="block type GraphicZone"/><OtherTag ID="BT16581" LABEL="NumberingZone" DESCRIPTION="block type NumberingZone"/><OtherTag ID="BT16582" LABEL="QuireMarksZone" DESCRIPTION="block type QuireMarksZone"/><OtherTag ID="BT16583" LABEL="RunningTitleZone" DESCRIPTION="block type RunningTitleZone"/><OtherTag ID="BT16584" LABEL="SealZone" DESCRIPTION="block type SealZone"/><OtherTag ID="BT16585" LABEL="StampZone" DESCRIPTION="block type StampZone"/><OtherTag ID="BT16586" LABEL="TableZone" DESCRIPTION="block type TableZone"/><OtherTag ID="BT16587" LABEL="TitlePageZone" DESCRIPTION="block type TitlePageZone"/><OtherTag ID="BT16580" LABEL="MusicZone" DESCRIPTION="block type MusicZone"/><OtherTag ID="BT19261" LABEL="MainZone" DESCRIPTION="block type MainZone"/>
    <OtherTag ID="LT6926" LABEL="DefaultLine" DESCRIPTION="line type DefaultLine"/><OtherTag ID="LT6927" LABEL="HeadingLine" DESCRIPTION="line type HeadingLine"/><OtherTag ID="LT6928" LABEL="InterlinearLine" DESCRIPTION="line type InterlinearLine"/><OtherTag ID="LT7758" LABEL="default" DESCRIPTION="line type default"/>
  </Tags>
  
  <Layout>
    <Page WIDTH="2682"
          HEIGHT="3804"
          PHYSICAL_IMG_NR="2"
          ID="eSc_dummypage_">
      <PrintSpace HPOS="0"
                  VPOS="0"
                  WIDTH="2682"
                  HEIGHT="3804">
        
        <TextBlock HPOS="777"
                   VPOS="357"
                   WIDTH="1663"
                   HEIGHT="2552"
                   ID="eSc_textblock_a5a8c923"
                   TAGREFS="BT19261">
          <Shape><Polygon POINTS="921 357 777 2853 2329 2909 2440 435"/></Shape>
          
          
          <TextLine ID="eSc_line_3be5888b"
                    TAGREFS="LT6926"
                    BASELINE="976 477 2354 515" 
                    HPOS="969"
                    VPOS="431"
                    WIDTH="1386"
                    HEIGHT="125">
            <Shape><Polygon POINTS="1842 441 1821 439 1800 439 1779 439 1758 439 1737 439 1716 439 1699 439 1692 443 1680 450 1667 443 1654 437 1652 437 1631 437 1610 437 1608 437 1576 441 1523 448 1481 439 1458 435 1441 435 1420 435 1411 435 1392 439 1375 441 1358 437 1350 435 1335 435 1314 433 1306 433 1293 437 1282 439 1272 437 1259 433 1251 433 1230 433 1208 433 1187 433 1166 433 1145 431 1124 431 1107 431 976 431 976 433 976 477 969 510 1102 507 1208 505 1215 509 1217 509 1219 509 1221 509 1246 505 1282 498 1331 507 1401 519 1403 519 1479 511 1525 507 1585 507 1599 515 1608 521 1610 521 1612 521 1614 521 1616 521 1618 521 1625 515 1635 509 1703 517 1758 524 1760 524 1781 519 1811 513 1830 521 1847 528 1849 528 1851 528 1906 524 1965 517 2028 526 2089 543 2128 556 2355 551 2354 515 2352 454 2305 460 2269 452 2261 450 2259 450 2257 450 2255 450 2252 450 2250 452 2231 469 2202 469 2177 453 2128 450 2124 448 2124 445 2121 445 2119 445 2117 445 2115 445 2105 450 2073 462 2045 452 2043 452 1980 441 1935 447 1885 445 1876 441 1864 441"/></Shape>
	    <String CONTENT="cum nuntiatum fuisset latrones prȩdas"
                    HPOS="969"
                    VPOS="431"
                    WIDTH="1386"
                    HEIGHT="125"></String>
          </TextLine>

          
          
          <TextLine ID="eSc_line_33623943"
                    TAGREFS="LT6926"
                    BASELINE="980 574 1339 579 2403 610" 
                    HPOS="976"
                    VPOS="504"
                    WIDTH="1423"
                    HEIGHT="130">
            <Shape><Polygon POINTS="976 599 2393 634 2399 608 2399 561 1998 557 1927 545 1832 523 1829 523 1670 535 1635 538 1575 532 1436 519 1432 519 1429 519 1398 529 1379 532 1372 526 1350 510 1347 510 1344 510 1341 510 1271 523 1255 526 1160 526 1157 519 1147 507 1144 507 1144 504 1141 504 1138 504 1134 504 979 513 979 573"/></Shape>
	    <String CONTENT="agere: ita ut erat nudus accurrit. com-"
                    HPOS="976"
                    VPOS="504"
                    WIDTH="1423"
                    HEIGHT="130"></String>
          </TextLine>

          
          
          <TextLine ID="eSc_line_5c6f084e"
                    TAGREFS="LT6926"
                    BASELINE="978 674 2413 710" 
                    HPOS="976"
                    VPOS="608"
                    WIDTH="1439"
                    HEIGHT="137">
            <Shape><Polygon POINTS="976 724 1054 715 1202 703 1320 714 1327 718 1329 718 1362 726 1399 720 1401 722 1449 722 1449 720 1451 720 1454 720 1458 716 1470 705 1509 716 1511 716 1513 716 1515 716 1538 703 1557 718 1563 722 1566 722 1568 722 1570 722 1572 722 1591 718 1631 720 1654 718 1656 720 1659 720 1661 720 1663 720 1665 720 1669 718 1703 707 1785 707 1847 722 1906 733 1908 733 1927 745 1985 732 2041 724 2176 735 2178 735 2227 726 2246 724 2261 726 2303 739 2305 739 2307 739 2411 729 2413 710 2415 648 2377 650 2375 650 2373 650 2371 650 2346 645 2305 638 2303 638 2301 638 2299 638 2297 638 2258 638 2223 636 2221 636 2219 636 2217 636 2214 636 2127 644 2056 640 2001 649 1930 640 1885 627 1883 627 1880 627 1878 627 1876 627 1811 644 1733 623 1730 623 1728 623 1726 623 1724 623 1694 635 1652 632 1634 637 1570 619 1568 619 1566 619 1511 623 1474 623 1434 623 1388 620 1318 612 1316 612 1270 612 1268 612 1265 612 1263 612 1244 629 1216 626 1187 618 1151 608 1149 608 1147 608 1145 608 1099 623 1073 631 978 621 978 674"/></Shape>
	    <String CONTENT="prehensisq; predatoribus : pecora abdac̃-"
                    HPOS="976"
                    VPOS="608"
                    WIDTH="1439"
                    HEIGHT="137"></String>
          </TextLine>

          
          
          <TextLine ID="eSc_line_e2c6d053"
                    TAGREFS="LT6926"
                    BASELINE="972 765 2409 800" 
                    HPOS="970"
                    VPOS="705"
                    WIDTH="1448"
                    HEIGHT="135">
            <Shape><Polygon POINTS="970 781 989 794 991 794 993 794 995 796 1495 807 1621 809 1623 809 1965 809 2071 822 2130 840 2253 827 2388 828 2390 828 2392 828 2394 828 2407 815 2417 802 2418 736 2378 739 2329 737 2316 733 2314 733 2312 733 2310 733 2307 733 2303 737 2262 739 2209 735 2183 735 2155 729 2153 729 2151 729 2149 729 2128 735 2109 741 2088 735 2058 726 2056 726 2054 726 2052 726 2050 726 2041 735 1984 736 1924 749 1867 728 1802 722 1802 720 1800 720 1798 720 1796 720 1747 731 1733 718 1730 718 1728 718 1695 718 1692 718 1690 718 1688 718 1673 731 1661 739 1606 731 1542 720 1540 720 1538 720 1511 729 1500 733 1496 729 1479 716 1477 716 1475 716 1473 716 1470 716 1437 729 1424 733 1413 729 1384 714 1382 714 1380 714 1360 720 1304 714 1262 711 1225 705 1223 705 1221 705 1166 705 1164 705 1162 705 1103 708 1048 710 1046 710 972 722 972 765"/></Shape>
	    <String CONTENT="ta redemerit : eius facinoris qđ nudus"
                    HPOS="970"
                    VPOS="705"
                    WIDTH="1448"
                    HEIGHT="135"></String>
          </TextLine>

          
          
          <TextLine ID="eSc_line_74e41453"
                    TAGREFS="LT6926"
                    BASELINE="970 863 2372 899" 
                    HPOS="960"
                    VPOS="805"
                    WIDTH="1411"
                    HEIGHT="125">
            <Shape><Polygon POINTS="960 913 1162 910 1302 906 1347 916 1350 916 1353 916 1356 916 1356 912 1363 906 1375 897 1404 906 1429 916 1432 916 1436 916 1474 919 1521 900 1791 906 1797 909 1854 928 1857 928 1860 928 1940 912 2367 930 2371 897 2371 840 966 805 966 862"/></Shape>
	    <String CONTENT="gesserat perpetuum argum̃tum : cor-"
                    HPOS="960"
                    VPOS="805"
                    WIDTH="1411"
                    HEIGHT="125"></String>
          </TextLine>

          
          
          <TextLine ID="eSc_line_857d0c37"
                    TAGREFS="LT6926"
                    BASELINE="961 961 1244 959 2354 989" 
                    HPOS="959"
                    VPOS="900"
                    WIDTH="1399"
                    HEIGHT="125">
            <Shape><Polygon POINTS="959 1008 1045 996 1141 986 1162 989 1164 989 1181 986 1242 995 1380 989 1386 989 1388 989 1399 989 1559 984 1608 993 1665 1001 1667 1001 1720 993 1743 991 1790 995 1885 1003 1887 1003 1889 1003 1904 997 1908 993 1914 997 1931 1008 1933 1008 1935 1008 1938 1008 1940 1008 1965 997 1971 995 1980 997 2022 1010 2024 1010 2269 1016 2312 1025 2358 1014 2354 989 2352 936 2274 927 2271 927 2269 927 2250 927 2223 923 2185 924 2134 921 2132 921 2130 921 2040 918 1931 925 1838 936 1821 925 1809 919 1807 919 1804 919 1802 919 1777 925 1747 916 1679 910 1576 906 1574 906 1466 921 1437 923 1428 919 1399 906 1397 906 1394 906 1337 915 1314 900 1312 900 1310 900 1308 900 1189 915 1175 917 1162 915 1124 906 1122 906 961 910 961 961"/></Shape>
	    <String CONTENT="porum sacra celebrantium nuditatẽ"
                    HPOS="959"
                    VPOS="900"
                    WIDTH="1399"
                    HEIGHT="125"></String>
          </TextLine>

          
          
          <TextLine ID="eSc_line_67a4909d"
                    TAGREFS="LT6926"
                    BASELINE="959 1058 1498 1058 1817 1075 2356 1086" 
                    HPOS="957"
                    VPOS="993"
                    WIDTH="1399"
                    HEIGHT="123">
            <Shape><Polygon POINTS="957 1075 976 1088 978 1088 980 1088 982 1088 984 1088 1014 1075 1020 1071 1027 1075 1056 1092 1058 1092 1060 1092 1091 1103 1240 1079 1308 1075 1314 1082 1320 1086 1320 1088 1323 1088 1325 1088 1327 1088 1437 1084 1572 1079 1593 1088 1625 1101 1627 1101 1663 1116 1724 1090 1772 1098 1813 1101 1836 1098 1838 1098 1840 1098 1842 1098 1859 1094 1876 1090 1887 1094 1908 1105 1910 1105 2114 1113 2354 1107 2356 1086 2354 1022 2280 1024 2221 1018 2147 1010 2145 1010 2143 1010 2140 1010 2138 1010 2081 1027 2058 1008 2056 1008 2054 1008 2052 1008 1998 1010 1911 1011 1885 1011 1842 1003 1840 1003 1838 1003 1836 1003 1834 1003 1783 1016 1733 1003 1730 1003 1728 1003 1726 1003 1681 1008 1589 1001 1587 1001 1585 1001 1540 1018 1517 1001 1515 1001 1513 1001 1511 1001 1509 1001 1456 1018 1416 997 1413 997 1411 997 1409 997 1407 997 1380 1016 1312 996 1316 1003 1245 995 1168 993 1166 993 1118 993 1115 993 1113 993 1077 999 1003 1001 1001 1001 959 1010 959 1058"/></Shape>
	    <String CONTENT="eẽ placuit. Ut cũq sese res habuerit"
                    HPOS="957"
                    VPOS="993"
                    WIDTH="1399"
                    HEIGHT="123"></String>
          </TextLine>

          
          
          <TextLine ID="eSc_line_2bb26f48"
                    TAGREFS="LT6926"
                    BASELINE="959 1153 1815 1167 2360 1181" 
                    HPOS="954"
                    VPOS="1074"
                    WIDTH="1404"
                    HEIGHT="139">
            <Shape><Polygon POINTS="954 1163 1046 1166 1084 1191 1087 1191 1090 1191 1093 1191 1325 1172 1398 1198 1401 1198 1446 1213 1513 1195 1585 1191 1661 1195 1718 1204 1721 1204 1724 1204 1775 1185 2184 1210 2187 1210 2355 1188 2358 1179 2358 1115 2295 1093 2292 1093 2288 1093 2285 1093 2241 1115 2203 1090 2200 1090 2196 1090 2193 1090 2190 1090 2146 1115 2139 1115 2044 1115 2035 1112 1879 1084 1876 1084 1873 1084 1800 1106 1724 1080 1721 1080 1664 1114 1569 1103 1566 1103 1562 1103 1506 1091 1474 1086 1450 1088 1405 1079 1357 1085 1339 1089 1295 1077 1244 1078 1206 1076 1171 1079 1144 1086 1108 1099 1085 1101 1004 1074 1001 1074 998 1074 957 1090 957 1150"/></Shape>
	    <String CONTENT="ni tpã tm̃ usq .c. iulii huiusce modi ob-"
                    HPOS="954"
                    VPOS="1074"
                    WIDTH="1404"
                    HEIGHT="139"></String>
          </TextLine>

          
          
          <TextLine ID="eSc_line_939caff2"
                    TAGREFS="LT6926"
                    BASELINE="951 1242 1265 1242 2301 1274" 
                    HPOS="948"
                    VPOS="1179"
                    WIDTH="1353"
                    HEIGHT="124">
            <Shape><Polygon POINTS="948 1253 974 1268 976 1268 978 1270 1067 1270 1067 1268 1069 1268 1071 1268 1123 1277 1142 1274 1181 1272 1183 1272 1300 1275 1370 1282 1440 1289 1522 1303 1630 1291 1714 1289 1716 1289 1718 1289 1749 1276 1800 1291 1802 1291 1804 1291 1807 1291 1849 1278 1925 1295 1927 1295 1929 1295 1931 1295 2012 1296 2083 1299 2086 1299 2198 1289 2252 1303 2255 1303 2257 1303 2259 1303 2299 1289 2301 1274 2301 1219 2219 1213 2217 1213 2214 1213 2125 1208 2045 1208 2043 1208 1977 1206 1905 1197 1835 1197 1764 1200 1762 1200 1760 1200 1716 1213 1690 1200 1688 1200 1686 1200 1684 1200 1682 1200 1682 1202 1673 1210 1652 1200 1650 1200 1648 1200 1454 1206 1430 1206 1424 1206 1365 1189 1363 1189 1361 1189 1315 1190 1241 1190 1210 1184 1164 1183 1162 1183 1160 1183 1158 1183 1101 1196 1094 1198 1061 1183 1042 1184 1012 1179 1010 1179 1008 1179 949 1181 951 1242"/></Shape>
	    <String CONTENT="seruationem ꝑuenisse constat. Ea"
                    HPOS="948"
                    VPOS="1179"
                    WIDTH="1353"
                    HEIGHT="124"></String>
          </TextLine>

          
          
          <TextLine ID="eSc_line_520fa5fb"
                    TAGREFS="LT6926"
                    BASELINE="944 1331 2345 1360" 
                    HPOS="944"
                    VPOS="1269"
                    WIDTH="1403"
                    HEIGHT="130">
            <Shape><Polygon POINTS="944 1356 1044 1352 1113 1360 1175 1367 1177 1367 1179 1367 1194 1360 1206 1356 1219 1360 1242 1371 1244 1371 1246 1371 1297 1363 1325 1358 1342 1363 1371 1373 1373 1373 1375 1373 1418 1365 1439 1360 1470 1365 1544 1377 1547 1377 1549 1377 1580 1367 1589 1365 1597 1367 1642 1380 1644 1380 1646 1380 1802 1373 1950 1399 2047 1388 2050 1388 2100 1375 2102 1375 2105 1375 2255 1392 2257 1392 2346 1397 2345 1360 2347 1302 2306 1299 2244 1295 2242 1295 2240 1295 2238 1295 2236 1295 2189 1294 2138 1293 2136 1293 2134 1293 2132 1293 2130 1293 2130 1295 2111 1294 2098 1296 2078 1296 2061 1295 2035 1291 2033 1291 2031 1291 2028 1291 1992 1301 1969 1295 1946 1296 1902 1289 1900 1289 1897 1289 1846 1292 1807 1289 1804 1289 1802 1289 1739 1284 1737 1284 1572 1299 1540 1301 1497 1304 1395 1288 1240 1274 1238 1274 1236 1274 1162 1272 1072 1274 947 1269 944 1331"/></Shape>
	    <String CONTENT="enim sacra cum sedens cȩsar dicta-"
                    HPOS="944"
                    VPOS="1269"
                    WIDTH="1403"
                    HEIGHT="130"></String>
          </TextLine>

          
          
          <TextLine ID="eSc_line_23771d66"
                    TAGREFS="LT6926"
                    BASELINE="946 1434 1638 1452 2389 1465" 
                    HPOS="941"
                    VPOS="1356"
                    WIDTH="1452"
                    HEIGHT="142">
            <Shape><Polygon POINTS="941 1464 1087 1458 1169 1474 1185 1474 1188 1474 1192 1474 1195 1474 1220 1458 1518 1477 1658 1486 1661 1486 1749 1480 1876 1474 1914 1483 1946 1493 1949 1493 1952 1493 1956 1493 1978 1486 2000 1477 2044 1486 2095 1496 2098 1496 2384 1498 2387 1464 2393 1387 2331 1391 2300 1386 2254 1378 2250 1378 2247 1378 2244 1378 2241 1378 2161 1388 2124 1388 2079 1375 2076 1375 2073 1375 2070 1375 2009 1394 1971 1375 1968 1375 1965 1375 1962 1375 1924 1391 1834 1382 1749 1375 1749 1372 1746 1372 1743 1372 1740 1372 1661 1381 1588 1369 1585 1369 1581 1369 1578 1369 1575 1369 1540 1379 1449 1370 1400 1366 1230 1356 1226 1356 948 1361 944 1432"/></Shape>
	    <String CONTENT="tor spectaret : atq inter eos qui solem"
                    HPOS="941"
                    VPOS="1356"
                    WIDTH="1452"
                    HEIGHT="142"></String>
          </TextLine>

          
          
          <TextLine ID="eSc_line_9c8ed685"
                    TAGREFS="LT6926"
                    BASELINE="946 1528 2322 1560" 
                    HPOS="941"
                    VPOS="1459"
                    WIDTH="1379"
                    HEIGHT="130">
            <Shape><Polygon POINTS="941 1540 2181 1585 2184 1585 2319 1589 2320 1559 2320 1502 2101 1499 2098 1496 2047 1474 2044 1474 2041 1474 1959 1493 1956 1493 1952 1493 1908 1470 1905 1470 1902 1470 1788 1489 1772 1489 1740 1486 1653 1493 1547 1467 1543 1467 1521 1480 1499 1461 1496 1461 1493 1461 1309 1461 949 1459 944 1527"/></Shape>
	    <String CONTENT="nia celebrarent curreret M.anto"
                    HPOS="941"
                    VPOS="1459"
                    WIDTH="1379"
                    HEIGHT="130"></String>
          </TextLine>

          
          
          <TextLine ID="eSc_line_cf126781"
                    TAGREFS="LT6926"
                    BASELINE="942 1625 2276 1651" 
                    HPOS="938"
                    VPOS="1546"
                    WIDTH="1335"
                    HEIGHT="137">
            <Shape><Polygon POINTS="938 1638 1192 1664 1195 1664 1198 1664 1252 1648 1264 1645 1274 1648 1312 1667 1315 1667 1349 1681 1512 1654 1591 1651 1610 1657 1651 1673 1654 1673 1658 1673 1661 1673 1699 1661 1718 1654 1737 1661 1781 1676 1784 1676 1788 1676 1864 1664 1908 1657 1940 1667 1984 1680 1987 1680 1990 1680 1994 1680 2016 1667 2032 1661 2092 1661 2098 1670 2105 1680 2108 1680 2108 1683 2111 1683 2114 1683 2117 1683 2269 1673 2273 1648 2269 1591 2146 1591 2143 1588 2111 1565 2108 1565 2105 1565 2101 1565 1994 1585 1984 1585 1978 1585 1933 1569 1930 1569 1927 1569 1810 1581 1791 1581 1784 1581 1721 1559 1718 1559 1715 1559 1562 1575 1559 1575 1556 1575 1439 1553 1436 1553 1432 1553 1394 1572 1388 1572 1106 1546 1103 1546 1100 1546 1096 1546 1068 1565 1046 1550 1043 1550 1039 1550 1036 1550 941 1562 941 1623"/></Shape>
	    <String CONTENT="nius is qui postea trium ure fuit."
                    HPOS="938"
                    VPOS="1546"
                    WIDTH="1335"
                    HEIGHT="137"></String>
          </TextLine>

          
          
          <TextLine ID="eSc_line_050cf455"
                    TAGREFS="LT6926"
                    BASELINE="937 1718 2314 1750" 
                    HPOS="932"
                    VPOS="1651"
                    WIDTH="1379"
                    HEIGHT="117">
            <Shape><Polygon POINTS="935 1714 932 1730 1432 1762 1436 1762 1556 1749 1683 1768 1686 1768 2307 1765 2311 1749 2311 1695 2241 1676 2238 1676 2235 1676 2003 1686 1946 1686 1905 1683 1762 1664 1759 1664 1705 1676 1683 1680 1626 1673 1486 1657 1483 1657 1391 1667 1347 1670 1296 1664 1211 1651 1207 1651 935 1651 935 1714"/></Shape>
	    <String CONTENT="aiunt lauream coronam cui diade-"
                    HPOS="932"
                    VPOS="1651"
                    WIDTH="1379"
                    HEIGHT="117"></String>
          </TextLine>

          
          
          <TextLine ID="eSc_line_ef9b20e8"
                    TAGREFS="LT6926"
                    BASELINE="933 1809 1628 1833 2316 1845" 
                    HPOS="928"
                    VPOS="1740"
                    WIDTH="1386"
                    HEIGHT="144">
            <Shape><Polygon POINTS="928 1825 970 1841 973 1841 976 1844 1330 1859 1851 1870 2120 1874 2302 1884 2311 1860 2314 1844 2311 1794 2280 1788 2193 1772 2193 1768 2190 1768 2187 1768 2184 1768 2181 1768 2132 1779 2111 1787 2105 1787 2047 1765 2044 1765 2041 1765 1915 1773 1883 1781 1876 1781 1819 1762 1816 1762 1813 1762 1810 1762 1807 1762 1784 1778 1746 1756 1743 1756 1740 1756 1737 1756 1673 1775 1670 1775 1619 1753 1616 1753 1613 1753 1610 1753 1537 1772 1531 1772 1442 1768 1417 1768 1398 1749 1398 1746 1394 1746 1391 1746 1388 1746 1385 1746 1331 1765 1328 1765 1312 1765 1131 1746 1128 1746 1125 1746 1081 1759 1077 1759 1058 1740 1055 1740 1052 1740 1049 1740 932 1753 932 1806"/></Shape>
	    <String CONTENT="ma annexum eẽt capiti cȩsaris im-"
                    HPOS="928"
                    VPOS="1740"
                    WIDTH="1386"
                    HEIGHT="144"></String>
          </TextLine>

          
          
          <TextLine ID="eSc_line_10f97764"
                    TAGREFS="LT6926"
                    BASELINE="932 1902 2295 1934" 
                    HPOS="925"
                    VPOS="1835"
                    WIDTH="1367"
                    HEIGHT="145">
            <Shape><Polygon POINTS="925 1936 1050 1939 1090 1943 1093 1946 1096 1946 1100 1946 1103 1946 1106 1946 1109 1946 1112 1943 1134 1927 1192 1943 1217 1949 1220 1949 1223 1949 1226 1949 1230 1949 1239 1943 1258 1933 1442 1933 1458 1946 1467 1952 1470 1952 1474 1952 1477 1952 1537 1946 1604 1936 1635 1946 1670 1955 1673 1955 1677 1955 1680 1955 1715 1946 1740 1940 1784 1946 1892 1965 1963 1980 2120 1952 2235 1971 2238 1971 2289 1976 2288 1949 2292 1933 2292 1879 2218 1866 2157 1863 2101 1860 2101 1857 2098 1857 2095 1857 2092 1857 1914 1870 1886 1870 1876 1867 1822 1851 1819 1851 1816 1851 1813 1851 1756 1867 1749 1867 1743 1867 1708 1848 1705 1848 1702 1848 1623 1863 1613 1863 1607 1860 1569 1844 1566 1844 1562 1844 1559 1844 1531 1860 1528 1860 1524 1860 1477 1844 1474 1844 1470 1844 1271 1854 1245 1854 1239 1854 1179 1835 1176 1835 1172 1835 928 1844 928 1902"/></Shape>
	    <String CONTENT="ponere conatum fuisse. Quod cum"
                    HPOS="925"
                    VPOS="1835"
                    WIDTH="1367"
                    HEIGHT="145"></String>
          </TextLine>

          
          
          <TextLine ID="eSc_line_271c8bf3"
                    TAGREFS="LT6926"
                    BASELINE="926 2004 1644 2022 2259 2030" 
                    HPOS="922"
                    VPOS="1943"
                    WIDTH="1332"
                    HEIGHT="122">
            <Shape><Polygon POINTS="922 2022 979 2041 982 2041 985 2041 1128 2025 1153 2025 1172 2028 1261 2044 1254 2039 2250 2065 2254 2022 2250 1971 925 1943 925 2003"/></Shape>
	    <String CONTENT="cȩsar ammoto capite reiecisset."
                    HPOS="922"
                    VPOS="1943"
                    WIDTH="1332"
                    HEIGHT="122"></String>
          </TextLine>

          
          
          <TextLine ID="eSc_line_c5801843"
                    TAGREFS="LT6926"
                    BASELINE="924 2097 2264 2134" 
                    HPOS="919"
                    VPOS="2009"
                    WIDTH="1344"
                    HEIGHT="154">
            <Shape><Polygon POINTS="2260 2163 2263 2133 2257 2047 2193 2073 2152 2044 2149 2044 2146 2044 2143 2044 2136 2044 2028 2062 1934 2056 1826 2035 1822 2035 1819 2035 1784 2035 1737 2035 1734 2035 1730 2035 1727 2035 1699 2054 1680 2035 1680 2031 1677 2031 1673 2031 1670 2031 1667 2031 1623 2059 1559 2053 1494 2044 1447 2042 1407 2035 1325 2031 1258 2047 1036 2041 925 2009 922 2095 919 2136"/></Shape>
	    <String CONTENT="statue ip̃ius cunctis fremẽtibus"
                    HPOS="919"
                    VPOS="2009"
                    WIDTH="1344"
                    HEIGHT="154"></String>
          </TextLine>

          
          
          <TextLine ID="eSc_line_86855c9a"
                    TAGREFS="LT6926"
                    BASELINE="925 2193 1597 2214 2071 2218 2267 2220" 
                    HPOS="920"
                    VPOS="2117"
                    WIDTH="1346"
                    HEIGHT="147">
            <Shape><Polygon POINTS="920 2233 1058 2238 1122 2229 1588 2228 1613 2244 1616 2244 1619 2244 1623 2244 1730 2228 1974 2264 2023 2260 2127 2238 2228 2257 2231 2257 2235 2257 2238 2257 2263 2238 2266 2219 2263 2165 2152 2165 2146 2161 2127 2142 2127 2139 2124 2139 2120 2139 2117 2139 2114 2139 2057 2158 2044 2161 1975 2153 1943 2155 1921 2139 1921 2136 1917 2136 1914 2136 1848 2133 1845 2133 1756 2152 1740 2155 1730 2152 1680 2130 1677 2130 1673 2130 1537 2149 1518 2149 1509 2146 1429 2123 1426 2123 1423 2123 1214 2133 1204 2120 1201 2120 1201 2117 1198 2117 1195 2117 1192 2117 1188 2117 1119 2139 1112 2139 924 2131 922 2190"/></Shape>
	    <String CONTENT="imposuisse. De nõie uõ luꝑcalium"
                    HPOS="920"
                    VPOS="2117"
                    WIDTH="1346"
                    HEIGHT="147"></String>
          </TextLine>

          
          
          <TextLine ID="eSc_line_8ab12be0"
                    TAGREFS="LT6926"
                    BASELINE="925 2280 2260 2314" 
                    HPOS="920"
                    VPOS="2219"
                    WIDTH="1337"
                    HEIGHT="135">
            <Shape><Polygon POINTS="920 2314 962 2313 966 2314 970 2317 1708 2317 1962 2354 2013 2350 2256 2341 2257 2310 2257 2257 2192 2256 2134 2260 2090 2261 2032 2262 1972 2270 1937 2256 1890 2249 1873 2247 1851 2248 1828 2238 1784 2225 1773 2228 1721 2219 1718 2219 1715 2219 1645 2241 1635 2241 1626 2238 1569 2222 1566 2222 1562 2222 1559 2222 1531 2238 1528 2238 1462 2240 1424 2237 1399 2239 1363 2229 1354 2224 1322 2228 1304 2231 1271 2231 1255 2231 1249 2231 1241 2226 1234 2225 1218 2225 1187 2223 1157 2224 1131 2225 1125 2228 1099 2239 1064 2240 1048 2234 1022 2229 992 2228 943 2224 922 2219 922 2279"/></Shape>
	    <String CONTENT="nõ et satis conuenit. Plerisq enim"
                    HPOS="920"
                    VPOS="2219"
                    WIDTH="1337"
                    HEIGHT="135"></String>
          </TextLine>

          
          
          <TextLine ID="eSc_line_3a71117a"
                    TAGREFS="LT6926"
                    BASELINE="924 2375 2287 2407" 
                    HPOS="915"
                    VPOS="2301"
                    WIDTH="1373"
                    HEIGHT="144">
            <Shape><Polygon POINTS="915 2421 1167 2413 1299 2415 1360 2418 1363 2418 1366 2418 1521 2409 1597 2406 1635 2412 1740 2428 1795 2445 1887 2433 2006 2431 2006 2434 2009 2434 2013 2434 2016 2434 2095 2435 2146 2437 2149 2437 2152 2437 2288 2439 2285 2406 2283 2340 2105 2333 2101 2333 2098 2333 2095 2333 2095 2336 2088 2331 2070 2326 2066 2326 2063 2326 2060 2326 1976 2362 1902 2345 1898 2345 1876 2323 1876 2320 1873 2320 1870 2320 1867 2320 1789 2323 1723 2318 1649 2316 1585 2323 1581 2323 1578 2323 1539 2317 1482 2310 1429 2312 1334 2307 1331 2307 1328 2307 1284 2312 1236 2312 1177 2318 1062 2301 1058 2301 1055 2301 1052 2301 992 2306 924 2308 922 2374"/></Shape>
	    <String CONTENT="inditum hoc nomen ꝙ huius inuo-"
                    HPOS="915"
                    VPOS="2301"
                    WIDTH="1373"
                    HEIGHT="144"></String>
          </TextLine>

          
          
          <TextLine ID="eSc_line_eb680928"
                    TAGREFS="LT6926"
                    BASELINE="917 2466 1610 2484 2297 2504" 
                    HPOS="913"
                    VPOS="2396"
                    WIDTH="1390"
                    HEIGHT="140">
            <Shape><Polygon POINTS="913 2491 1182 2496 1331 2521 1473 2499 1677 2507 1689 2504 1762 2507 2089 2532 2092 2532 2152 2520 2209 2536 2212 2536 2215 2536 2302 2535 2302 2501 2303 2431 2193 2444 1930 2435 1899 2436 1877 2433 1858 2438 1837 2441 1815 2439 1778 2446 1730 2415 1715 2409 1711 2409 1708 2409 1680 2415 1639 2421 1562 2412 1496 2402 1493 2402 1451 2409 1385 2421 1312 2406 1264 2396 1261 2396 1220 2406 1163 2415 916 2399 916 2463"/></Shape>
	    <String CONTENT="catione lupi a stabulis arcerentur"
                    HPOS="913"
                    VPOS="2396"
                    WIDTH="1390"
                    HEIGHT="140"></String>
          </TextLine>

          
          
          <TextLine ID="eSc_line_25eb9be0"
                    TAGREFS="LT6926"
                    BASELINE="913 2563 2248 2594" 
                    HPOS="906"
                    VPOS="2482"
                    WIDTH="1342"
                    HEIGHT="148">
            <Shape><Polygon POINTS="906 2577 910 2607 963 2596 966 2596 1172 2596 1474 2612 1477 2612 1677 2617 1718 2615 1721 2615 1724 2615 1727 2615 1812 2621 1883 2621 1886 2621 1889 2621 2004 2630 2215 2627 2219 2627 2222 2627 2225 2627 2228 2627 2244 2612 2247 2593 2248 2523 2153 2518 2076 2507 2073 2507 2070 2507 2066 2507 1857 2529 1762 2501 1759 2501 1756 2501 1646 2506 1413 2491 1410 2491 1407 2491 1404 2491 1404 2494 1379 2520 1325 2520 1290 2488 1287 2488 1283 2488 1280 2488 1277 2488 1191 2494 1039 2482 1014 2482 913 2485 909 2561"/></Shape>
	    <String CONTENT="uisum est. Alii templum ip̃m in"
                    HPOS="906"
                    VPOS="2482"
                    WIDTH="1342"
                    HEIGHT="148"></String>
          </TextLine>

          
          
          <TextLine ID="eSc_line_dec40fb3"
                    TAGREFS="LT6926"
                    BASELINE="910 2658 1636 2675 2259 2691" 
                    HPOS="906"
                    VPOS="2578"
                    WIDTH="1358"
                    HEIGHT="151">
            <Shape><Polygon POINTS="906 2704 2264 2729 2257 2688 2258 2613 2209 2612 2206 2612 2203 2612 2003 2627 1990 2627 1975 2627 1762 2602 1759 2602 1756 2602 1705 2618 1528 2618 1477 2610 1451 2608 1366 2593 1363 2593 1360 2593 1171 2597 1100 2586 1096 2586 1093 2586 1090 2586 914 2578 909 2656"/></Shape>
	    <String CONTENT="quo hic deus colitur Luꝑcal uocãt."
                    HPOS="906"
                    VPOS="2578"
                    WIDTH="1358"
                    HEIGHT="151"></String>
          </TextLine>

          
          
          <TextLine ID="eSc_line_8d157aa8"
                    TAGREFS="LT6926"
                    BASELINE="835 2754 1586 2775 2274 2787" 
                    HPOS="830"
                    VPOS="2684"
                    WIDTH="1443"
                    HEIGHT="181">
            <Shape><Polygon POINTS="830 2833 1062 2833 1062 2830 1065 2830 1068 2830 1137 2818 1278 2831 1366 2833 1379 2843 1379 2846 1382 2846 1385 2846 1388 2846 1575 2837 1578 2837 1581 2837 1588 2833 1607 2818 1639 2833 1664 2843 1667 2843 1670 2843 1727 2833 1794 2818 1829 2833 1835 2833 1838 2833 1841 2833 1857 2833 1902 2824 1917 2833 1956 2853 1959 2853 1962 2853 1965 2853 2028 2833 2060 2821 2086 2833 2152 2865 2155 2865 2158 2865 2162 2865 2165 2865 2219 2833 2269 2833 2273 2786 2273 2729 2203 2710 2200 2710 2196 2710 2047 2719 2019 2719 2013 2716 1948 2706 1910 2720 1856 2723 1810 2716 1756 2713 1740 2707 1708 2691 1705 2691 1597 2688 1594 2688 1543 2697 1533 2693 1505 2691 1477 2684 1474 2684 1470 2684 1467 2684 1407 2694 1287 2696 1183 2695 1172 2693 1120 2692 1098 2687 1068 2685 1035 2697 979 2693 951 2694 833 2692 831 2756"/></Shape>
	    <String CONTENT="Quo circa uirgilius. Et gelida inquit"
                    HPOS="830"
                    VPOS="2684"
                    WIDTH="1443"
                    HEIGHT="181"></String>
          </TextLine>

          
        </TextBlock>
        

        
      </PrintSpace>
    </Page>
  </Layout>
</alto>
